2925 3533
1343 279 1664 328 -12-

493 412 649 460 mirum
672 427 785 460 sane
802 409 867 471 31)
892 412 1084 471 videtur,
1106 417 1422 476 antiquitatem,
1444 432 1561 479 quae
1587 425 1675 464 tam
1696 417 1869 479 largam
1889 416 2105 464 levissimi
2127 416 2258 477 pretii
2281 414 2515 476 supellec-

494 513 616 559 tilem
637 512 694 559 ad
712 520 909 560 nostram
929 519 1120 559 aetatem
1137 516 1392 575 transmisit,
1411 521 1548 562 totum
1567 517 1654 565 hoc
1672 522 2054 565 monumentorum
2072 528 2218 576 genus
2237 512 2368 563 nobis
2387 514 2515 562 invi-

498 613 635 662 disse.
692 614 914 661 Vasorum
944 612 1120 674 quidem
1140 615 1316 674 jactura
1344 617 1501 678 partim
1537 616 1592 665 ab
1623 620 1723 682 ipso
1750 615 1931 676 metalli,
1965 630 2029 664 ex
2055 629 2143 678 quo
2174 629 2230 662 ea
2257 613 2375 663 facta
2409 628 2515 663 esse

497 715 705 775 vidimus,
735 716 880 779 pretio
913 714 1159 778 repetenda
1188 723 1272 776 est,
1300 718 1459 780 partim
1481 716 1536 765 ab
1565 734 1640 779 eo,
1668 718 1786 781 quod
1809 716 2090 766 Christianae
2116 716 2346 764 doctrinae
2373 729 2517 779 prae-

498 815 684 865 conibus
714 817 989 880 propositum
1024 815 1122 876 fuit,
1152 824 1199 865 ut
1223 832 1323 865 cum
1358 820 1499 867 sacris
1526 833 1805 882 paganorum
1831 818 1964 865 etiam
1998 830 2228 865 sacrorum
2257 823 2516 880 apparatum

497 918 825 979 exstirparent3
868 916 951 964 sed
985 918 1030 963 in
1072 921 1391 978 monumentis,
1435 921 1701 982 praesertim
1742 920 1787 965 in
1830 917 2096 980 anaglyphis
2133 924 2178 964 et
2210 918 2334 964 vasis
2367 917 2515 979 pictis,

496 1032 613 1079 quae
647 1015 777 1065 nobis
812 1015 912 1064 fere
947 1033 1104 1065 omnes
1140 1026 1185 1066 et
1214 1018 1419 1082 publicae
1448 1028 1494 1069 et
1524 1022 1729 1085 privatae
1761 1021 1882 1067 vitae
1917 1019 2117 1066 actiones
2156 1023 2515 1081 repraesentant,

497 1120 664 1166 nullam
699 1134 885 1183 usquam
918 1120 1096 1169 turibuli
1124 1122 1362 1185 imaginem
1385 1124 1595 1182 inveniri,
1629 1121 1673 1169 id
1708 1120 1885 1184 quidem
1908 1120 2134 1169 Fortunae
2160 1118 2350 1168 ludibrio
2383 1119 2515 1167 attri-

498 1219 723 1269 buendum
758 1234 864 1269 esse
898 1220 1087 1269 videtur.
1154 1221 1339 1271 Etiamsi
1370 1230 1556 1286 propter
1591 1222 1832 1281 diversam,
1869 1236 1998 1284 quam
2033 1222 2354 1283 cognovimus,
2398 1220 2516 1266 turi-

497 1320 702 1370 bulorum
745 1320 1089 1383 magnitudinem
1132 1320 1409 1385 formamque
1445 1323 1502 1370 ad
1537 1338 1712 1370 ararum
1758 1320 2083 1371 similitudinem
2117 1320 2261 1368 fictam
2305 1320 2518 1367 nonnulla

498 1422 543 1468 in
577 1423 872 1469 monumentis
901 1420 1035 1468 obvia
1059 1421 1142 1480 52),
1177 1437 1292 1483 quae
1321 1422 1453 1469 hodie
1487 1437 1589 1468 aras
1624 1437 1797 1469 vocare
1831 1422 2004 1480 solent,
2044 1423 2209 1469 rectius
2244 1427 2409 1485 ἐσχάρας
2442 1419 2520 1467 vel

497 1520 736 1580 θυμιατήρια
759 1524 886 1582 [sive
909 1521 1123 1581 turibula)
1150 1526 1306 1570 vocari
1336 1524 1452 1570 velis
1478 1530 1693 1582 statuere,
1712 1530 1859 1569 tamen
1888 1536 2032 1585 parva
2052 1523 2143 1582 illa,
2165 1528 2213 1569 ut
2235 1521 2292 1568 ad
2319 1521 2516 1584 templo-

496 1637 594 1669 rum
620 1624 680 1669 ita
712 1622 768 1669 ad
793 1624 998 1686 privatae
1021 1624 1371 1686 uniuscujusque
1393 1624 1549 1672 domus
1575 1622 1897 1686 supellectilem
1917 1623 2182 1686 pertinentia
2204 1637 2334 1682 vasa,
2358 1620 2515 1684 quibus

497 1729 700 1771 nostrum
734 1722 1112 1772 adnumerandum
1148 1731 1242 1783 est,
1278 1724 1601 1773 desideramus.

665 1825 915 1888 Superest,
961 1832 1008 1873 ut
1042 1825 1098 1872 ad
1132 1842 1246 1889 opus
1281 1827 1524 1886 caelatum,
1568 1841 1656 1889 quo
1691 1826 1927 1874 turibulum
1959 1832 2158 1884 nostrum
2193 1831 2394 1872 ornatum
2429 1831 2516 1884 est,

499 1926 812 1990 explicandum
836 1927 1117 1976 accedamus,
1159 1926 1209 1974 In
1236 1942 1322 1990 quo
1343 1930 1532 1992 primum
1557 1929 1706 1977 locum
1731 1934 1854 1977 tenet
1881 1928 2026 1976 leonis
2051 1933 2095 1976 et
2122 1926 2215 1976 suis
2236 1926 2517 1990 symplegma

591 2131 669 2180 31)
704 2133 826 2182 illud,
855 2133 959 2185 quod
980 2133 1098 2174 M1cn.
1121 2133 1223 2173 Aac.
1246 2133 1429 2174 CAusssus
1460 2134 1544 2181 (De
1567 2134 1604 2173 la
1626 2133 1828 2183 Chausse)
1859 2134 1960 2175 Mus.
1984 2133 2094 2172 Rom.
2123 2132 2165 2172 T.
2188 2131 2231 2172 11.
2263 2131 2358 2172 Tab.
2379 2131 2445 2172 ΙΧ.
2477 2138 2518 2172 et

708 2222 762 2248 ex
786 2222 835 2248 eo
858 2209 1216 2250 ΜυΝτει-Ἀιοοκιυε
1239 2210 1377 2249 L'Ant.
1399 2209 1516 2262 Expl.
1539 2210 1581 2248 Τ.
1603 2210 1650 2249 11.
1682 2210 1719 2249 P.
1743 2210 1770 2250 1.
1793 2211 1845 2262 pl.
1866 2210 1951 2259 XV,
1975 2208 2014 2249 2.
2036 2208 2145 2248 nullo
2168 2220 2242 2248 seu
2264 2208 2423 2261 publico
2445 2220 2520 2248 seu

710 2285 867 2338 privato
894 2297 1056 2336 museo,
1090 2286 1140 2325 ad
1172 2286 1277 2338 quod
1307 2286 1550 2339 pertineret,
1583 2287 1782 2327 nominato
1814 2286 1990 2340 profert,
2021 2283 2352 2325 instituendorum
2385 2284 2519 2325 lecto-

712 2373 800 2401 rum
824 2373 941 2401 causa
963 2361 1204 2402 delineatum
1228 2375 1322 2403 esse
1345 2362 1516 2403 videtur.

592 2435 671 2487 32)
704 2437 800 2477 Aris
823 2438 1028 2490 proprium
1053 2442 1135 2487 est,
1166 2443 1208 2478 ut
1231 2438 1319 2478 loeo
1347 2449 1421 2478 suo
1445 2437 1550 2477 fixae
1573 2437 1663 2488 sint,
1686 2437 1872 2478 turibulis
1894 2442 1933 2477 et
1954 2435 2134 2494 ἐσχάραις
2153 2442 2445 2495 περιφορηταῒς,
2475 2440 2518 2476 ut

711 2514 803 2554 loco
832 2514 989 2554 moveri
1022 2514 1194 2566 possint;
1228 2512 1278 2553 cf.
1305 2514 1413 2554 Eust.
1444 2514 1493 2553 ad
1523 2513 1596 2553 Od.
1625 2514 1670 2553 H.
1697 2526 1734 2565 p.
1760 2512 1892 2563 1575,
1919 2511 1995 2553 43:
2028 2513 2089 2554 ὅτι
2118 2506 2162 2554 δὲ
2189 2514 2234 2553 οὐ
2263 2512 2380 2568 μόνον
2410 2511 2519 2552 κατά

708 2595 781 2648 γῆς
811 2587 973 2647 ἐσχάραι
1001 2588 1118 2647 πυρὸς
1148 2586 1248 2636 ἦσαν
1276 2589 1381 2630 ἀλλά
1410 2590 1477 2630 καὶ
1509 2589 1797 2646 περιφοιρηταὶ,
1833 2581 1953 2634 δῆλον
1983 2591 2029 2629 ἐκ
2055 2595 2146 2640 τοῦ,
2175 2588 2425 2645 ἐπόμπευσαν
2453 2588 2521 2628 καὶ

712 2663 950 2723 θυμιατήρια
980 2670 1102 2722 χρυσᾶ
1130 2667 1197 2706 καὶ
1228 2665 1388 2723 ἐσχάραι
1415 2666 1612 2722 ἐπίχρυσοι
1642 2668 1719 2714 (ex
1742 2664 1951 2705 Callixeno
1980 2677 2102 2718 supra
2131 2670 2210 2705 not.
2233 2664 2300 2705 27.
2322 2664 2519 2712 laudato).

713 2743 849 2795 Itaque
888 2743 925 2782 in
966 2741 1197 2796 anaglypho
1227 2741 1357 2783 Musei
1394 2741 1645 2783 Pio-Clem.
1680 2742 1723 2782 T.
1747 2741 1792 2782 V.
1829 2742 1961 2782 tabula
1989 2741 2109 2782 ΧΧΙῘ.
2149 2741 2257 2795 quod
2294 2741 2521 2782 Heerenius

705 2819 868 2872 juvenis
907 2819 948 2858 in
981 2819 1337 2858 commentatione
1372 2820 1414 2857 in
1455 2830 1557 2866 opus
1595 2820 1810 2870 antiquum
1843 2820 2052 2858 caelatum
2083 2818 2220 2857 Musei
2261 2819 2336 2857 Pio
2355 2840 2375 2847 -
2397 2818 2520 2856 Clem.

709 2898 826 2933 Rom.
860 2898 984 2934 1786.
1018 2894 1065 2934 ad
1089 2894 1244 2934 Orestis
1266 2894 1521 2947 parricidium
1550 2894 1811 2935 referendum
1834 2907 1927 2935 esse
1955 2895 2107 2948 primus
2134 2894 2250 2944 vidit,
2284 2893 2379 2934 iliud
2412 2892 2521 2946 quod

712 2984 814 3024 puer
845 2971 973 3012 altero
1001 2983 1109 3025 genu
1138 2971 1299 3011 innixus
1329 2971 1506 3011 manibus
1537 2971 1658 3020 tollit,
1691 2971 1909 3012 turibulum
1939 2971 2072 3024 potius
2102 2970 2168 3010 vel
2189 2969 2376 3027 ἐσχάραν,
2404 2982 2519 3022 quam

708 3060 814 3088 aram
846 3048 1013 3088 dixeris.
