2925 3533
1274 248 1562 297 ...9.-

411 387 542 430 teret.
607 381 749 429 Plena
776 383 951 445 quidem
981 391 1082 432 sunt
1106 387 1314 449 primaria
1336 386 1547 449 Europae
1575 399 1728 432 musea
1759 382 2037 446 supellectile
2072 380 2128 427 ad
2159 396 2287 429 sacra
2311 395 2428 444 per-

416 482 609 542 tinente,
651 496 739 529 nec
773 482 934 531 desunt
967 499 1155 533 acerrae
1173 485 1268 547 2⁵),
1312 489 1338 534 i.
1366 502 1405 534 e.
1442 485 1623 533 arculae
1657 485 1702 530 in
1738 481 1894 545 quihus
1929 490 2000 529 tus
2036 481 2266 530 sacrificiis
2296 481 2429 527 adhi-

502 713 583 765 23)
615 715 794 758 Acerras
816 718 954 772 partim
977 731 1150 769 aeneas,
1180 719 1321 775 partim
1353 731 1612 760 marmoreos
1642 716 1814 759 offerunt
1835 715 2016 759 Ciusssvs
2047 716 2131 765 (De
2161 715 2197 757 la
2220 714 2428 766 Chausse)

621 792 723 834 Mus.
741 793 852 835 Rom.
880 795 982 836 T.11.
1009 796 1062 850 pl.
1084 796 1149 837 IX.
1182 795 1320 838 Montf.
1346 796 1482 837 L’Ant.
1503 795 1611 849 expl.
1638 794 1681 835 T.
1698 793 1742 835 11.
1773 795 1811 835 P.
1828 794 1855 834 l.
1877 793 2133 848 p1.1.1v.1.v.
2155 792 2189 832 1.
2222 792 2426 848 Supplem.

622 870 664 910 T.
677 870 721 911 11.
744 871 797 925 pl.
810 871 894 924 XV,
907 871 945 913 3.
974 871 1124 927 Caylus
1138 873 1306 916 Recueil
1327 873 1368 915 T.
1385 873 1411 914 1.
1433 873 1483 926 pl.
1497 872 1614 915 XCII.
1628 871 1666 913 2.
1689 871 1805 913 T.1V.
1827 870 2099 924 pLLXXXVl.
2117 870 2151 912 1.
2165 871 2201 912 2.
2231 870 2426 913 Consulto

624 949 827 989 omisimus
846 961 1026 990 acerram
1046 962 1099 990 ex
1117 952 1277 1007 ossibus
1294 949 1451 1000 factam,
1470 962 1585 1003 quam
1603 961 1734 1002 nuper
1751 948 1790 989 in
1807 948 1989 989 Museum
2007 947 2276 988 Britannicum
2296 947 2428 987 immi-

625 1036 769 1077 grasse
789 1026 1071 1077 comperimus.
1093 1025 1154 1065 De
1173 1038 1249 1078 qua
1270 1038 1358 1065 cum
1376 1025 1507 1079 paullo
1526 1025 1752 1065 accuratius
1772 1022 2052 1077 disputandum
2071 1024 2133 1072 sit,
2148 1023 2425 1076 subjungimus

623 1097 949 1153 descriptionem,
962 1112 1065 1154 quae
1080 1101 1118 1140 in
1130 1100 1342 1142 Genuam
1358 1101 1651 1142 commentariis
1665 1099 1985 1154 archaeologicis
1998 1097 2121 1139 1853.
2132 1111 2193 1139 nr.
2203 1098 2270 1139 58.
2282 1097 2427 1152 p.385.

623 1174 866 1214 continetur:
898 1175 1012 1225 „Der
1031 1175 1187 1215 Deckel
1209 1177 1316 1217 stellt
1336 1176 1640 1230 Amymone’s
1662 1175 1918 1228 Entffihrung
1939 1175 2022 1214 dar.
2054 1174 2293 1214 Poseidon
2317 1179 2425 1228 tragt

622 1251 733 1287 seine
755 1250 915 1289 Schone
933 1251 1075 1312 guitten
1104 1262 1176 1290 aus
1206 1252 1297 1290 dem
1319 1252 1436 1291 Kreis
1465 1253 1574 1291 ihrer
1602 1251 1929 1290 erschrockenen
1953 1250 2040 1289 drei
2064 1250 2353 1288 Gesahrtinnen
2375 1262 2426 1290 zu

622 1327 775 1365 seinem
809 1339 871 1365 am
902 1327 1159 1367 Meeresurer
1191 1329 1373 1367 bereiten
1414 1329 1492 1368 und
1526 1329 1596 1367 mit
1630 1328 1932 1380 Hippokampen
1967 1327 2215 1379 bespannten
2246 1327 2425 1380 Wagen3

621 1400 807 1454 Cupido
837 1404 1014 1457 besteigt
1043 1405 1161 1443 einen
1194 1406 1330 1444 dieser
1352 1405 1654 1457 Hippokampen
1683 1404 1764 1443 und
1794 1404 1906 1442 lenkt
1935 1404 2156 1442 denselben
2187 1405 2255 1442 mit
2277 1416 2425 1458 umge-

622 1482 797 1519 sturzter
817 1480 985 1520 zierlich
1007 1481 1231 1534 gezackter
1245 1481 1402 1521 Triaria.
1433 1480 1541 1521 Vorn
1559 1480 1624 1520 ein
1641 1479 1961 1531 Medusenhaupt
1983 1479 2021 1518 in
2045 1479 2427 1534 arabeskenartiger

621 1554 896 1611 Verzierung‚
928 1556 1141 1599 einerseits
1172 1557 1262 1600 eine
1294 1556 1455 1599 Krabbe
1486 1557 1525 1598 in
1556 1557 1686 1598 einem
1717 1555 2024 1612 Festgewinde‚
2056 1555 2331 1598 andererseits
2360 1559 2426 1598 ein

620 1631 749 1673 Adler
770 1632 839 1674 mit
858 1632 1111 1675 Donnerkeil
1131 1634 1171 1675 in
1193 1635 1272 1676 den
1294 1634 1460 1676 Klauen.
1512 1632 1599 1676 Aur
1618 1632 1691 1675 der
1712 1632 1924 1674 Kehrseite
1952 1633 2002 1673 ist
2024 1632 2217 1688 folgende
2238 1632 2426 1675 Inschrift

618 1710 659 1749 in
681 1709 817 1749 Reliei'
833 1722 884 1749 zu
906 1710 1038 1750 lesen:

904 1826 931 1867 1.
963 1829 1008 1868 Η.
1039 1829 1085 1868 D.
1117 1828 1168 1868 D..
1195 1828 1241 1868 D.
1275 1828 1415 1868 NEPT.
1448 1828 1488 1868 L.
1521 1828 1698 1868 VERVS.
1730 1827 1847 1867 AVG.
1881 1828 1953 1867 PR.
1992 1827 2138 1868 PROV.

1030 1903 1142 1944 GER.
1175 1903 1250 1944 ET.
1282 1903 1409 1944 BRlT.
1440 1903 1516 1944 ET.
1549 1903 1733 1944 HEREN.
1766 1903 1913 1944 APOL.
1945 1903 2016 1944 ES.

944 1978 1021 2020 ET.
1053 1977 1096 2020 C.
1126 1977 1237 2020 LVC.
1267 1979 1344 2020 ET.
1377 1978 1491 2020 ΗΕΒ.
1524 1978 1653 2020 BRIT.
1685 1979 1726 2020 F.
1757 1978 1803 2020 V.
1834 1979 1871 2020 S.
1903 1979 1943 2020 L.
1976 1978 2017 2019 L.
2050 1979 2099 2020 M.

620 2095 728 2136 also:
760 2097 804 2136 in
825 2098 1020 2135 honorem
1041 2100 1185 2136 domus
1205 2097 1370 2137 divinae
1391 2101 1465 2137 deo
1488 2100 1681 2145 Neptuno
1703 2102 1749 2137 L.
1769 2101 1897 2137 Verus
1911 2098 2152 2145 ,tuqus-eatis
2171 2103 2428 2147 procurator

615 2173 925 2221 provinciarum
959 2175 1211 2212 Germaniae
1241 2179 1282 2212 et
1313 2174 1563 2213 Britanniae
1599 2179 1639 2212 et
1672 2176 1903 2213 Herennius
1934 2175 2191 2222 Apollinaris
2225 2176 2426 2213 Essenius

619 2253 660 2286 et
684 2249 727 2286 Ο.
743 2249 944 2287 Lucceius
965 2253 1007 2286 et
1029 2250 1264 2288 Herennius
1276 2251 1554 2289 Britannicus
1574 2235 1766 2298 fecemnt
1787 2255 1883 2288 vota
1905 2253 2108 2288 solventes
2129 2251 2231 2288 laeti
2251 2252 2429 2290 libenter

619 2325 778 2362 merito.
797 2345 848 2350 —
864 2323 945 2363 Das
967 2324 1166 2364 Kastchen
1189 2325 1294 2364 steht
1314 2324 1388 2364 auf
1403 2326 1491 2364 vier
1511 2325 1816 2365 Lowenklauen
1838 2326 1916 2365 und
1940 2326 2016 2365 soll
2038 2326 2076 2364 in
2099 2325 2173 2364 der
2190 2325 2427 2378 Umgegend

620 2411 701 2440 von
720 2399 876 2440 Mainz
898 2399 1102 2454 gefunden
1124 2401 1212 2440 sein
1220 2414 1232 2449 3
1255 2413 1304 2440 an
1327 2400 1401 2441 der
1417 2400 1633 2441 Rfickseite
1651 2400 1741 2441 sind
1758 2401 1934 2441 silberne
1953 2402 2113 2454 Haspen
2135 2401 2425 2454 engebracht.“

619 2474 718 2517 Mira
745 2475 847 2516 haec
869 2476 1075 2530 inscriptio
1098 2476 1277 2529 quamvis
1303 2477 1384 2530 jam
1407 2476 1624 2518 Geumuno
1646 2477 1742 2531 jure
1771 2478 2043 2531 suspicionem
2075 2477 2261 2528 moverit,
2290 2483 2423 2517 tamen

619 2551 831 2595 anxnnus
868 2554 908 2594 in
948 2552 1289 2607 ephemeridibus:
1333 2553 1588 2594 Periodische
1631 2553 1784 2595 Blatter
1823 2554 1898 2594 der
1931 2554 2105 2594 Vereine
2149 2565 2229 2594 von
2266 2554 2423 2605 xusset,

619 2629 861 2680 Darmstadt,
883 2630 1024 2680 Mainz,
1046 2629 1292 2670 Wiesbaden
1313 2630 1395 2670 und
1416 2630 1445 2669 F
1448 2630 1640 2671 rankfurt.
1677 2629 1800 2671 1855.
1831 2643 1891 2671 nr.
1914 2630 1952 2670 6.
1983 2643 2127 2670 novam
2148 2630 2262 2682 hujus
2284 2631 2421 2682 operis

619 2705 990 2758 interpretationem
1012 2705 1223 2758 proposuit
1230 2718 1242 2754 3
1264 2706 1380 2745 nobis
1398 2710 1527 2746 autem
1547 2719 1628 2747 non
1648 2707 1839 2747 minorem
1858 2707 2127 2759 suspicionem
2146 2710 2282 2747 movet
2304 2718 2420 2758 sym-

619 2782 779 2836 plegma
801 2782 840 2821 in
863 2781 1056 2834 operculo
1080 2793 1247 2821 acerrae
1265 2781 1475 2834 scalptum,
1497 2781 1602 2833 quod
1619 2782 1776 2834 quidem
1794 2782 2020 2836 anaglypho
2044 2795 2066 2821 a
2084 2782 2423 2821 Monrr-:rArcomo
2472 2778 2477 2783 '

619 2857 893 2911 (L'Antiquite
916 2858 1133 2912 expliquee
1155 2857 1197 2897 T.
1212 2856 1246 2898 l.
1261 2857 1301 2898 P.
1318 2857 1345 2898 Ι.
1367 2871 1402 2911 p.
1422 2856 1490 2898 70.
1512 2858 1589 2899 tab.
1611 2859 1786 2899 XXXIII.
1809 2858 1896 2907 10.)
1919 2870 1971 2898 ex
1994 2857 2250 2898 Admirandis
2271 2857 2424 2898 Romae

623 2934 811 2986 antiquae
830 2933 987 2975 reddito
1009 2934 1082 2984 ita,
1109 2938 1152 2974 ut
1172 2945 1294 2975 ovum
1316 2946 1415 2982 ovo,
1448 2933 1575 2974 simile
1597 2940 1671 2975 est.
1724 2934 1811 2981 Qua
1833 2935 1871 2975 in
1893 2947 1939 2973 re
1963 2946 2053 2973 cum
2080 2932 2261 2974 fraudem
2290 2933 2423 2973 mani-

621 3008 763 3052 festam
783 3011 1130 3064 cognovissemus,
1147 3009 1377 3053 Lunovrcun
1391 3009 1692 3061 LlNDENScHMlT,
1709 3009 1835 3051 Musei
1850 3008 2297 3059 Romano-Germanici,
2317 3009 2423 3061 quod

2047 3104 2078 3149 2
