<?xml version="1.0" encoding="UTF-8"?>
<!DOCTYPE html PUBLIC "-//W3C//DTD XHTML 1.0 Transitional//EN"
    "http://www.w3.org/TR/xhtml1/DTD/xhtml1-transitional.dtd">
<html xmlns="http://www.w3.org/1999/xhtml" xml:lang="en" lang="en">
 <head>
  <title>
</title>
<meta http-equiv="Content-Type" content="text/html;charset=utf-8" />
  <meta name='ocr-system' content='tesseract 3.04.00' />
  <meta name='ocr-capabilities' content='ocr_page ocr_carea ocr_par ocr_line ocrx_word'/>
</head>
<body>
  <div class='ocr_page' id='page_1' title='image "4767265_0013.png"; bbox 0 0 2925 3533; ppageno 0'>
   <div class='ocr_carea' id='block_1_1' title="bbox 1234 235 1538 304">
    <p class='ocr_par' dir='ltr' id='par_1_1' title="bbox 1234 235 1538 304">
     <span class='ocr_line' id='line_1_1' title="bbox 1234 235 1538 304; baseline 0 -61"><span class='ocrx_word' id='word_1_1' title='bbox 1234 235 1538 304; x_wconf 57' lang='lat'>.—7—</span> 
     </span>
    </p>
   </div>
   <div class='ocr_carea' id='block_1_2' title="bbox 378 392 2406 2070">
    <p class='ocr_par' dir='ltr' id='par_1_2' title="bbox 378 392 2406 1351">
     <span class='ocr_line' id='line_1_2' title="bbox 378 392 2404 458; baseline -0.002 -10"><span class='ocrx_word' id='word_1_2' title='bbox 378 398 499 449; x_wconf 85' lang='lat' dir='ltr'>facie</span> <span class='ocrx_word' id='word_1_3' title='bbox 539 397 722 458; x_wconf 85' lang='lat' dir='ltr'>stantis,</span> <span class='ocrx_word' id='word_1_4' title='bbox 762 395 925 446; x_wconf 84' lang='lat' dir='ltr'>dextra</span> <span class='ocrx_word' id='word_1_5' title='bbox 955 402 1049 445; x_wconf 86' lang='lat' dir='ltr'>tres</span> <span class='ocrx_word' id='word_1_6' title='bbox 1079 396 1159 445; x_wconf 89' lang='lat' dir='ltr'>loti</span> <span class='ocrx_word' id='word_1_7' title='bbox 1189 393 1355 455; x_wconf 84' lang='lat' dir='ltr'>flores,</span> <span class='ocrx_word' id='word_1_8' title='bbox 1381 394 1575 444; x_wconf 67' lang='lat' dir='ltr'>‘sinistra</span> <span class='ocrx_word' id='word_1_9' title='bbox 1609 392 1724 442; x_wconf 89' lang='lat' dir='ltr'>duos</span> <span class='ocrx_word' id='word_1_10' title='bbox 1768 407 1945 455; x_wconf 79' lang='lat' dir='ltr'><strong>angues</strong></span> <span class='ocrx_word' id='word_1_11' title='bbox 1987 395 2181 443; x_wconf 84' lang='lat' dir='ltr'>tenentis</span> <span class='ocrx_word' id='word_1_12' title='bbox 2219 394 2404 443; x_wconf 85' lang='lat' dir='ltr'>exbibet</span> 
     </span>
     <span class='ocr_line' id='line_1_3' title="bbox 379 494 2402 562; baseline -0.002 -13"><span class='ocrx_word' id='word_1_13' title='bbox 379 498 531 549; x_wconf 86' lang='lat' dir='ltr'>tabula</span> <span class='ocrx_word' id='word_1_14' title='bbox 559 513 622 547; x_wconf 86' lang='lat' dir='ltr'>ex</span> <span class='ocrx_word' id='word_1_15' title='bbox 649 498 903 548; x_wconf 86' lang='lat' dir='ltr'>sanctuario</span> <span class='ocrx_word' id='word_1_16' title='bbox 929 497 1081 562; x_wconf 88' lang='lat' dir='ltr'>templi</span> <span class='ocrx_word' id='word_1_17' title='bbox 1106 498 1152 546; x_wconf 89' lang='lat' dir='ltr'>in</span> <span class='ocrx_word' id='word_1_18' title='bbox 1180 495 1327 545; x_wconf 87' lang='lat' dir='ltr'>Nubia</span> <span class='ocrx_word' id='word_1_19' title='bbox 1359 496 1463 545; x_wconf 91' lang='lat' dir='ltr'>loco</span> <span class='ocrx_word' id='word_1_20' title='bbox 1491 494 1830 544; x_wconf 88' lang='lat' dir='ltr'>Abou-Sembil</span> <span class='ocrx_word' id='word_1_21' title='bbox 1859 495 2086 560; x_wconf 86' lang='lat' dir='ltr'>appellato</span> <span class='ocrx_word' id='word_1_22' title='bbox 2114 496 2161 544; x_wconf 87' lang='lat' dir='ltr'>in</span> <span class='ocrx_word' id='word_1_23' title='bbox 2194 494 2402 545; x_wconf 81' lang='lat' dir='ltr'>Museum</span> 
     </span>
     <span class='ocr_line' id='line_1_4' title="bbox 379 594 2404 660; baseline -0.002 -11"><span class='ocrx_word' id='word_1_24' title='bbox 379 601 681 649; x_wconf 90' lang='lat' dir='ltr'>Britannicum</span> <span class='ocrx_word' id='word_1_25' title='bbox 706 598 922 647; x_wconf 72' lang='lat' dir='ltr'>transhta</span> <span class='ocrx_word' id='word_1_26' title='bbox 942 596 1021 657; x_wconf 86' lang='lat'><strong>¹¹).</strong></span> <span class='ocrx_word' id='word_1_27' title='bbox 1074 597 1279 646; x_wconf 85' lang='lat' dir='ltr'>Alteram</span> <span class='ocrx_word' id='word_1_28' title='bbox 1306 597 1493 646; x_wconf 84' lang='lat' dir='ltr'>similem</span> <span class='ocrx_word' id='word_1_29' title='bbox 1519 594 1730 656; x_wconf 86' lang='lat' dir='ltr'>tabulam,</span> <span class='ocrx_word' id='word_1_30' title='bbox 1755 610 1783 643; x_wconf 90' lang='lat' dir='ltr'>e</span> <span class='ocrx_word' id='word_1_31' title='bbox 1810 596 1914 645; x_wconf 87' lang='lat' dir='ltr'>loco</span> <span class='ocrx_word' id='word_1_32' title='bbox 1939 598 2098 660; x_wconf 85' lang='lat' dir='ltr'>ignoto</span> <span class='ocrx_word' id='word_1_33' title='bbox 2127 597 2173 644; x_wconf 90' lang='lat' dir='ltr'>in</span> <span class='ocrx_word' id='word_1_34' title='bbox 2198 596 2404 646; x_wconf 82' lang='lat' dir='ltr'>Museum</span> 
     </span>
     <span class='ocr_line' id='line_1_5' title="bbox 380 694 2406 761; baseline -0.001 -14"><span class='ocrx_word' id='word_1_35' title='bbox 380 698 599 748; x_wconf 87' lang='lat' dir='ltr'>Gallicum</span> <span class='ocrx_word' id='word_1_36' title='bbox 638 699 803 747; x_wconf 89' lang='lat' dir='ltr'>illatam</span> <span class='ocrx_word' id='word_1_37' title='bbox 817 734 833 759; x_wconf 90' lang='lat'>,</span> <span class='ocrx_word' id='word_1_38' title='bbox 875 712 1020 761; x_wconf 84' lang='lat' dir='ltr'>nuper</span> <span class='ocrx_word' id='word_1_39' title='bbox 1064 696 1202 745; x_wconf 83' lang='lat' dir='ltr'><strong>edidit</strong></span> <span class='ocrx_word' id='word_1_40' title='bbox 1240 697 1292 745; x_wconf 89' lang='lat' dir='ltr'>F.</span> <span class='ocrx_word' id='word_1_41' title='bbox 1334 696 1540 756; x_wconf 73' lang='lat' dir='ltr'>LAJAau,</span> <span class='ocrx_word' id='word_1_42' title='bbox 1584 695 1641 743; x_wconf 88' lang='lat' dir='ltr'>V.</span> <span class='ocrx_word' id='word_1_43' title='bbox 1677 694 1747 744; x_wconf 88' lang='lat' dir='ltr'>cl.</span> <span class='ocrx_word' id='word_1_44' title='bbox 1780 697 1826 744; x_wconf 90' lang='lat' dir='ltr'>in</span> <span class='ocrx_word' id='word_1_45' title='bbox 1866 695 1980 745; x_wconf 89' lang='lat' dir='ltr'>libro</span> <span class='ocrx_word' id='word_1_46' title='bbox 2023 711 2157 760; x_wconf 85' lang='lat' dir='ltr'>quem</span> <span class='ocrx_word' id='word_1_47' title='bbox 2192 696 2250 745; x_wconf 89' lang='lat' dir='ltr'>de</span> <span class='ocrx_word' id='word_1_48' title='bbox 2284 697 2406 745; x_wconf 87' lang='lat' dir='ltr'>cultu</span> 
     </span>
     <span class='ocr_line' id='line_1_6' title="bbox 381 795 2405 862; baseline -0.002 -14"><span class='ocrx_word' id='word_1_49' title='bbox 381 801 589 862; x_wconf 75' lang='lat' dir='ltr'>cypressi</span> <span class='ocrx_word' id='word_1_50' title='bbox 623 797 786 859; x_wconf 85' lang='lat' dir='ltr'>edidit,</span> <span class='ocrx_word' id='word_1_51' title='bbox 829 797 978 846; x_wconf 90' lang='lat' dir='ltr'>bonae</span> <span class='ocrx_word' id='word_1_52' title='bbox 1010 796 1156 859; x_wconf 84' lang='lat' dir='ltr'>frugis</span> <span class='ocrx_word' id='word_1_53' title='bbox 1188 797 1325 860; x_wconf 89' lang='lat' dir='ltr'>pleno</span> <span class='ocrx_word' id='word_1_54' title='bbox 1352 795 1445 855; x_wconf 82' lang='lat'>¹²),</span> <span class='ocrx_word' id='word_1_55' title='bbox 1489 809 1607 858; x_wconf 90' lang='lat' dir='ltr'>quae</span> <span class='ocrx_word' id='word_1_56' title='bbox 1650 795 1827 858; x_wconf 85' lang='lat' dir='ltr'>quidem</span> <span class='ocrx_word' id='word_1_57' title='bbox 1870 810 1927 844; x_wconf 91' lang='lat' dir='ltr'>eo</span> <span class='ocrx_word' id='word_1_58' title='bbox 1959 798 2155 844; x_wconf 83' lang='lat' dir='ltr'>maxime</span> <span class='ocrx_word' id='word_1_59' title='bbox 2197 795 2344 843; x_wconf 83' lang='lat' dir='ltr'>differt</span> <span class='ocrx_word' id='word_1_60' title='bbox 2377 809 2405 843; x_wconf 90' lang='lat' dir='ltr'>a</span> 
     </span>
     <span class='ocr_line' id='line_1_7' title="bbox 378 895 2404 962; baseline -0.002 -15"><span class='ocrx_word' id='word_1_61' title='bbox 378 900 557 962; x_wconf 89' lang='lat' dir='ltr'>priore,</span> <span class='ocrx_word' id='word_1_62' title='bbox 600 898 720 960; x_wconf 84' lang='lat' dir='ltr'>quod</span> <span class='ocrx_word' id='word_1_63' title='bbox 757 897 925 956; x_wconf 82' lang='lat' dir='ltr'>Deam,</span> <span class='ocrx_word' id='word_1_64' title='bbox 968 911 1085 959; x_wconf 86' lang='lat' dir='ltr'>quae</span> <span class='ocrx_word' id='word_1_65' title='bbox 1121 898 1168 945; x_wconf 89' lang='lat' dir='ltr'>in</span> <span class='ocrx_word' id='word_1_66' title='bbox 1199 897 1278 946; x_wconf 90' lang='lat' dir='ltr'>illa</span> <span class='ocrx_word' id='word_1_67' title='bbox 1311 895 1441 945; x_wconf 88' lang='lat' dir='ltr'>Isidis</span> <span class='ocrx_word' id='word_1_68' title='bbox 1477 909 1605 944; x_wconf 89' lang='lat' dir='ltr'>more</span> <span class='ocrx_word' id='word_1_69' title='bbox 1637 901 1818 943; x_wconf 89' lang='lat' dir='ltr'>tenuem</span> <span class='ocrx_word' id='word_1_70' title='bbox 1850 903 2027 944; x_wconf 86' lang='lat' dir='ltr'>vestem</span> <span class='ocrx_word' id='word_1_71' title='bbox 2068 898 2188 959; x_wconf 84' lang='lat' dir='ltr'>gerit</span> <span class='ocrx_word' id='word_1_72' title='bbox 2221 897 2404 960; x_wconf 84' lang='lat' dir='ltr'>corpori</span> 
     </span>
     <span class='ocr_line' id='line_1_8' title="bbox 379 996 2403 1064; baseline -0.001 -16"><span class='ocrx_word' id='word_1_73' title='bbox 379 1006 506 1047; x_wconf 87' lang='lat' dir='ltr'>arcte</span> <span class='ocrx_word' id='word_1_74' title='bbox 547 999 839 1064; x_wconf 76' lang='lat' dir='ltr'>applicatam,</span> <span class='ocrx_word' id='word_1_75' title='bbox 883 996 1048 1046; x_wconf 86' lang='lat' dir='ltr'>nudam</span> <span class='ocrx_word' id='word_1_76' title='bbox 1093 997 1303 1058; x_wconf 83' lang='lat' dir='ltr'>exhibet,</span> <span class='ocrx_word' id='word_1_77' title='bbox 1349 1004 1475 1044; x_wconf 89' lang='lat' dir='ltr'>cesto</span> <span class='ocrx_word' id='word_1_78' title='bbox 1520 996 1692 1043; x_wconf 88' lang='lat' dir='ltr'>Veneri</span> <span class='ocrx_word' id='word_1_79' title='bbox 1735 999 1919 1060; x_wconf 89' lang='lat' dir='ltr'>proprio</span> <span class='ocrx_word' id='word_1_80' title='bbox 1951 997 2014 1059; x_wconf 81' lang='lat'>¹³)</span> <span class='ocrx_word' id='word_1_81' title='bbox 2059 1012 2196 1061; x_wconf 87' lang='lat' dir='ltr'>supra</span> <span class='ocrx_word' id='word_1_82' title='bbox 2237 997 2403 1061; x_wconf 85' lang='lat' dir='ltr'>pubem</span> 
     </span>
     <span class='ocr_line' id='line_1_9' title="bbox 379 1095 2404 1163; baseline -0 -15"><span class='ocrx_word' id='word_1_83' title='bbox 379 1100 582 1150; x_wconf 86' lang='lat' dir='ltr'>cinctam.</span> <span class='ocrx_word' id='word_1_84' title='bbox 656 1099 812 1148; x_wconf 86' lang='lat' dir='ltr'>Tertia</span> <span class='ocrx_word' id='word_1_85' title='bbox 854 1096 1057 1160; x_wconf 87' lang='lat' dir='ltr'>ejusdem</span> <span class='ocrx_word' id='word_1_86' title='bbox 1108 1099 1360 1160; x_wconf 85' lang='lat' dir='ltr'>argumenti</span> <span class='ocrx_word' id='word_1_87' title='bbox 1411 1095 1586 1157; x_wconf 88' lang='lat' dir='ltr'>tabula,</span> <span class='ocrx_word' id='word_1_88' title='bbox 1636 1097 1780 1145; x_wconf 89' lang='lat' dir='ltr'>Deam</span> <span class='ocrx_word' id='word_1_89' title='bbox 1827 1097 1991 1145; x_wconf 92' lang='lat' dir='ltr'>nudam</span> <span class='ocrx_word' id='word_1_90' title='bbox 2035 1105 2404 1163; x_wconf 83' lang='lat' dir='ltr'>repraesentans,</span> 
     </span>
     <span class='ocr_line' id='line_1_10' title="bbox 379 1196 2405 1271; baseline -0 -22"><span class='ocrx_word' id='word_1_91' title='bbox 379 1208 643 1271; x_wconf 85' lang='lat' dir='ltr'>asservatur</span> <span class='ocrx_word' id='word_1_92' title='bbox 676 1202 723 1249; x_wconf 92' lang='lat' dir='ltr'>in</span> <span class='ocrx_word' id='word_1_93' title='bbox 754 1199 917 1249; x_wconf 86' lang='lat' dir='ltr'>Museo</span> <span class='ocrx_word' id='word_1_94' title='bbox 940 1199 1226 1260; x_wconf 86' lang='lat' dir='ltr'>Taurinensi,</span> <span class='ocrx_word' id='word_1_95' title='bbox 1261 1205 1418 1262; x_wconf 83' lang='lat' dir='ltr'>quarta</span> <span class='ocrx_word' id='word_1_96' title='bbox 1450 1196 1587 1247; x_wconf 83' lang='lat' dir='ltr'>valde</span> <span class='ocrx_word' id='word_1_97' title='bbox 1621 1196 1782 1245; x_wconf 90' lang='lat' dir='ltr'>detrita</span> <span class='ocrx_word' id='word_1_98' title='bbox 1817 1204 1863 1245; x_wconf 88' lang='lat' dir='ltr'>et</span> <span class='ocrx_word' id='word_1_99' title='bbox 1888 1197 2186 1261; x_wconf 86' lang='lat' dir='ltr'>fragmentum</span> <span class='ocrx_word' id='word_1_100' title='bbox 2224 1200 2405 1262; x_wconf 84' lang='lat' dir='ltr'>quintae</span> 
     </span>
     <span class='ocr_line' id='line_1_11' title="bbox 379 1301 921 1351; baseline -0.006 -1"><span class='ocrx_word' id='word_1_101' title='bbox 379 1303 426 1350; x_wconf 91' lang='lat' dir='ltr'>in</span> <span class='ocrx_word' id='word_1_102' title='bbox 457 1301 620 1351; x_wconf 87' lang='lat' dir='ltr'>Museo</span> <span class='ocrx_word' id='word_1_103' title='bbox 649 1301 921 1349; x_wconf 89' lang='lat' dir='ltr'>Britannico.</span> 
     </span>
    </p>

    <p class='ocr_par' dir='ltr' id='par_1_3' title="bbox 378 1399 2405 2070">
     <span class='ocr_line' id='line_1_12' title="bbox 546 1399 2404 1465; baseline 0 -16"><span class='ocrx_word' id='word_1_104' title='bbox 546 1401 590 1450; x_wconf 87' lang='lat' dir='ltr'><strong>A</strong></span> <span class='ocrx_word' id='word_1_105' title='bbox 622 1400 798 1465; x_wconf 82' lang='lat' dir='ltr'>Mylitta</span> <span class='ocrx_word' id='word_1_106' title='bbox 829 1401 1121 1463; x_wconf 79' lang='lat' dir='ltr'>Assyriorum</span> <span class='ocrx_word' id='word_1_107' title='bbox 1155 1399 1335 1448; x_wconf 91' lang='lat' dir='ltr'>nomine</span> <span class='ocrx_word' id='word_1_108' title='bbox 1371 1399 1515 1448; x_wconf 90' lang='lat' dir='ltr'>solum</span> <span class='ocrx_word' id='word_1_109' title='bbox 1547 1413 1639 1446; x_wconf 92' lang='lat' dir='ltr'>non</span> <span class='ocrx_word' id='word_1_110' title='bbox 1671 1400 1853 1447; x_wconf 90' lang='lat' dir='ltr'>numine</span> <span class='ocrx_word' id='word_1_111' title='bbox 1888 1400 2070 1449; x_wconf 86' lang='lat' dir='ltr'>diversa</span> <span class='ocrx_word' id='word_1_112' title='bbox 2099 1400 2182 1448; x_wconf 85' lang='lat' dir='ltr'>fuit</span> <span class='ocrx_word' id='word_1_113' title='bbox 2209 1402 2404 1459; x_wconf 84' lang='lat' dir='ltr'>Anaitis,</span> 
     </span>
     <span class='ocr_line' id='line_1_13' title="bbox 380 1498 2404 1564; baseline 0 -15"><span class='ocrx_word' id='word_1_114' title='bbox 380 1502 439 1548; x_wconf 88' lang='lat' dir='ltr'>ad</span> <span class='ocrx_word' id='word_1_115' title='bbox 473 1517 604 1563; x_wconf 87' lang='lat' dir='ltr'>quam</span> <span class='ocrx_word' id='word_1_116' title='bbox 645 1508 974 1549; x_wconf 83' lang='lat' dir='ltr'>monumentum</span> <span class='ocrx_word' id='word_1_117' title='bbox 1008 1500 1182 1546; x_wconf 89' lang='lat' dir='ltr'>Dianae</span> <span class='ocrx_word' id='word_1_118' title='bbox 1223 1499 1438 1546; x_wconf 81' lang='lat' dir='ltr'>Persicae</span> <span class='ocrx_word' id='word_1_119' title='bbox 1470 1498 1821 1562; x_wconf 75' lang='lat' dir='ltr'>Graechwyliao</span> <span class='ocrx_word' id='word_1_120' title='bbox 1863 1508 2092 1564; x_wconf 84' lang='lat' dir='ltr'>repertum</span> <span class='ocrx_word' id='word_1_121' title='bbox 2135 1502 2269 1549; x_wconf 87' lang='lat' dir='ltr'>docta</span> <span class='ocrx_word' id='word_1_122' title='bbox 2303 1502 2404 1550; x_wconf 86' lang='lat' dir='ltr'>dis-</span> 
     </span>
     <span class='ocr_line' id='line_1_14' title="bbox 379 1598 2404 1675; baseline 0 -25"><span class='ocrx_word' id='word_1_123' title='bbox 379 1604 626 1650; x_wconf 86' lang='lat' dir='ltr'>sertatione</span> <span class='ocrx_word' id='word_1_124' title='bbox 657 1616 800 1666; x_wconf 90' lang='lat' dir='ltr'>nuper</span> <span class='ocrx_word' id='word_1_125' title='bbox 830 1601 981 1648; x_wconf 89' lang='lat' dir='ltr'>retulit</span> <span class='ocrx_word' id='word_1_126' title='bbox 999 1601 1041 1647; x_wconf 85' lang='lat' dir='ltr'>J.</span> <span class='ocrx_word' id='word_1_127' title='bbox 1063 1599 1117 1675; x_wconf 92' lang='lat' dir='ltr'>G.</span> <span class='ocrx_word' id='word_1_128' title='bbox 1138 1599 1393 1659; x_wconf 77' lang='lat' dir='ltr'>Summus,</span> <span class='ocrx_word' id='word_1_129' title='bbox 1425 1599 1638 1646; x_wconf 90' lang='lat' dir='ltr'>Jenensis</span> <span class='ocrx_word' id='word_1_130' title='bbox 1659 1598 1738 1659; x_wconf 78' lang='lat'><strong>¹4).</strong></span> <span class='ocrx_word' id='word_1_131' title='bbox 1805 1599 1947 1663; x_wconf 85' lang='lat' dir='ltr'>Hujus</span> <span class='ocrx_word' id='word_1_132' title='bbox 1975 1602 2104 1649; x_wconf 89' lang='lat' dir='ltr'>Deae</span> <span class='ocrx_word' id='word_1_133' title='bbox 2133 1603 2278 1651; x_wconf 90' lang='lat' dir='ltr'>cultus</span> <span class='ocrx_word' id='word_1_134' title='bbox 2312 1603 2404 1651; x_wconf 88' lang='lat' dir='ltr'>late</span> 
     </span>
     <span class='ocr_line' id='line_1_15' title="bbox 378 1698 2404 1767; baseline 0.001 -18"><span class='ocrx_word' id='word_1_135' title='bbox 378 1715 464 1767; x_wconf 88' lang='lat' dir='ltr'>per</span> <span class='ocrx_word' id='word_1_136' title='bbox 509 1702 666 1750; x_wconf 86' lang='lat' dir='ltr'>Asiam</span> <span class='ocrx_word' id='word_1_137' title='bbox 709 1699 1006 1766; x_wconf 75' lang='lat' dir='ltr'>pervulgatus</span> <span class='ocrx_word' id='word_1_138' title='bbox 1032 1699 1123 1762; x_wconf 83' lang='lat'>¹⁵),</span> <span class='ocrx_word' id='word_1_139' title='bbox 1169 1703 1240 1761; x_wconf 82' lang='lat' dir='ltr'>et,</span> <span class='ocrx_word' id='word_1_140' title='bbox 1284 1698 1405 1762; x_wconf 86' lang='lat' dir='ltr'>quod</span> <span class='ocrx_word' id='word_1_141' title='bbox 1447 1699 1628 1749; x_wconf 86' lang='lat' dir='ltr'>nomina</span> <span class='ocrx_word' id='word_1_142' title='bbox 1670 1699 1986 1752; x_wconf 87' lang='lat' dir='ltr'>Beth-Anath</span> <span class='ocrx_word' id='word_1_143' title='bbox 2022 1702 2081 1762; x_wconf 84' lang='lat' dir='ltr'>(i.</span> <span class='ocrx_word' id='word_1_144' title='bbox 2105 1714 2146 1751; x_wconf 88' lang='lat' dir='ltr'>e.</span> <span class='ocrx_word' id='word_1_145' title='bbox 2190 1701 2404 1766; x_wconf 91' lang='lat' dir='ltr'>templum</span> 
     </span>
     <span class='ocr_line' id='line_1_16' title="bbox 378 1797 2403 1862; baseline 0.001 -13"><span class='ocrx_word' id='word_1_146' title='bbox 378 1799 629 1860; x_wconf 81' lang='lat' dir='ltr'>Anaitidis)</span> <span class='ocrx_word' id='word_1_147' title='bbox 665 1806 711 1849; x_wconf 88' lang='lat' dir='ltr'>et</span> <span class='ocrx_word' id='word_1_148' title='bbox 734 1798 1155 1849; x_wconf 87' lang='lat' dir='ltr'>Beth-Schemesch</span> <span class='ocrx_word' id='word_1_149' title='bbox 1186 1797 1253 1859; x_wconf 87' lang='lat' dir='ltr'>(h.</span> <span class='ocrx_word' id='word_1_150' title='bbox 1275 1814 1317 1848; x_wconf 90' lang='lat' dir='ltr'>e.</span> <span class='ocrx_word' id='word_1_151' title='bbox 1350 1799 1561 1862; x_wconf 89' lang='lat' dir='ltr'>templum</span> <span class='ocrx_word' id='word_1_152' title='bbox 1587 1799 1736 1859; x_wconf 86' lang='lat' dir='ltr'>Solis)</span> <span class='ocrx_word' id='word_1_153' title='bbox 1768 1802 1814 1849; x_wconf 92' lang='lat' dir='ltr'>in</span> <span class='ocrx_word' id='word_1_154' title='bbox 1846 1800 1961 1850; x_wconf 89' lang='lat' dir='ltr'>libro</span> <span class='ocrx_word' id='word_1_155' title='bbox 1988 1801 2160 1851; x_wconf 88' lang='lat' dir='ltr'>Josuae</span> <span class='ocrx_word' id='word_1_156' title='bbox 2174 1802 2301 1862; x_wconf 90' lang='lat' dir='ltr'>XIX,</span> <span class='ocrx_word' id='word_1_157' title='bbox 2323 1803 2403 1851; x_wconf 87' lang='lat'>38.</span> 
     </span>
     <span class='ocr_line' id='line_1_17' title="bbox 378 1898 2403 1969; baseline 0.001 -20"><span class='ocrx_word' id='word_1_158' title='bbox 378 1907 625 1960; x_wconf 80' lang='lat' dir='ltr'>testantur,</span> <span class='ocrx_word' id='word_1_159' title='bbox 678 1916 706 1948; x_wconf 92' lang='lat' dir='ltr'>a</span> <span class='ocrx_word' id='word_1_160' title='bbox 745 1898 1157 1950; x_wconf 81' lang='lat' dir='ltr'>Palaestinensibus</span> <span class='ocrx_word' id='word_1_161' title='bbox 1200 1914 1380 1962; x_wconf 86' lang='lat' dir='ltr'>quoque</span> <span class='ocrx_word' id='word_1_162' title='bbox 1421 1908 1524 1948; x_wconf 89' lang='lat' dir='ltr'>ante</span> <span class='ocrx_word' id='word_1_163' title='bbox 1573 1908 1741 1949; x_wconf 89' lang='lat' dir='ltr'>terram</span> <span class='ocrx_word' id='word_1_164' title='bbox 1784 1901 1841 1949; x_wconf 88' lang='lat' dir='ltr'>ab</span> <span class='ocrx_word' id='word_1_165' title='bbox 1879 1901 2091 1951; x_wconf 73' lang='lat' dir='ltr'>Israelitis</span> <span class='ocrx_word' id='word_1_166' title='bbox 2135 1912 2403 1969; x_wconf 88' lang='lat' dir='ltr'>occupatam</span> 
     </span>
     <span class='ocr_line' id='line_1_18' title="bbox 379 2000 2405 2070; baseline 0.003 -21"><span class='ocrx_word' id='word_1_167' title='bbox 379 2008 592 2066; x_wconf 89' lang='lat' dir='ltr'>receptus</span> <span class='ocrx_word' id='word_1_168' title='bbox 618 2000 716 2070; x_wconf 44' lang='lat'>2⁶),</span> <span class='ocrx_word' id='word_1_169' title='bbox 768 2003 903 2050; x_wconf 88' lang='lat' dir='ltr'>etiam</span> <span class='ocrx_word' id='word_1_170' title='bbox 942 2002 990 2049; x_wconf 93' lang='lat' dir='ltr'>in</span> <span class='ocrx_word' id='word_1_171' title='bbox 1033 2001 1366 2065; x_wconf 75' lang='lat' dir='ltr'>Aegyptiorum</span> <span class='ocrx_word' id='word_1_172' title='bbox 1417 2000 1683 2066; x_wconf 87' lang='lat' dir='ltr'>templorum</span> <span class='ocrx_word' id='word_1_173' title='bbox 1734 2001 1868 2067; x_wconf 74' lang='lat' dir='ltr'>adyta</span> <span class='ocrx_word' id='word_1_174' title='bbox 1910 2004 2177 2067; x_wconf 86' lang='lat' dir='ltr'>penetravit.</span> <span class='ocrx_word' id='word_1_175' title='bbox 2255 2005 2316 2054; x_wconf 95' lang='lat' dir='ltr'>Ut</span> <span class='ocrx_word' id='word_1_176' title='bbox 2357 2007 2405 2055; x_wconf 93' lang='lat' dir='ltr'>in</span> 
     </span>
    </p>
   </div>
   <div class='ocr_carea' id='block_1_3' title="bbox 471 2242 2403 3052">
    <p class='ocr_par' dir='ltr' id='par_1_4' title="bbox 473 2242 2403 2519">
     <span class='ocr_line' id='line_1_19' title="bbox 473 2242 2403 2301; baseline 0.003 -17"><span class='ocrx_word' id='word_1_177' title='bbox 473 2243 552 2293; x_wconf 85' lang='lat'>11)</span> <span class='ocrx_word' id='word_1_178' title='bbox 585 2244 797 2297; x_wconf 86' lang='lat' dir='ltr'>Postquam</span> <span class='ocrx_word' id='word_1_179' title='bbox 827 2243 873 2282; x_wconf 86' lang='lat' dir='ltr'>H.</span> <span class='ocrx_word' id='word_1_180' title='bbox 901 2242 947 2282; x_wconf 89' lang='lat' dir='ltr'>E.</span> <span class='ocrx_word' id='word_1_181' title='bbox 978 2242 1123 2284; x_wconf 69' lang='lat' dir='ltr'>Pmsss</span> <span class='ocrx_word' id='word_1_182' title='bbox 1154 2242 1436 2292; x_wconf 83' lang='lat' dir='ltr'>(Monuments</span> <span class='ocrx_word' id='word_1_183' title='bbox 1468 2243 1605 2298; x_wconf 76' lang='lat' dir='ltr'>egypt.</span> <span class='ocrx_word' id='word_1_184' title='bbox 1633 2244 1711 2287; x_wconf 88' lang='lat' dir='ltr'>tab.</span> <span class='ocrx_word' id='word_1_185' title='bbox 1740 2243 1958 2295; x_wconf 86' lang='lat' dir='ltr'><strong>XXXVII.)</strong></span> <span class='ocrx_word' id='word_1_186' title='bbox 1986 2244 2227 2289; x_wconf 83' lang='lat' dir='ltr'>delineatam</span> <span class='ocrx_word' id='word_1_187' title='bbox 2248 2247 2403 2301; x_wconf 88' lang='lat' dir='ltr'>primus</span> 
     </span>
     <span class='ocr_line' id='line_1_20' title="bbox 590 2317 2402 2372; baseline 0.003 -14"><span class='ocrx_word' id='word_1_188' title='bbox 590 2317 731 2369; x_wconf 79' lang='lat' dir='ltr'>edidit,</span> <span class='ocrx_word' id='word_1_189' title='bbox 752 2319 927 2372; x_wconf 86' lang='lat' dir='ltr'>repetita</span> <span class='ocrx_word' id='word_1_190' title='bbox 949 2323 1011 2358; x_wconf 89' lang='lat' dir='ltr'>est</span> <span class='ocrx_word' id='word_1_191' title='bbox 1032 2330 1055 2358; x_wconf 87' lang='lat' dir='ltr'>a</span> <span class='ocrx_word' id='word_1_192' title='bbox 1075 2317 1262 2359; x_wconf 75' lang='lat' dir='ltr'>LAJARDO</span> <span class='ocrx_word' id='word_1_193' title='bbox 1284 2318 1575 2368; x_wconf 85' lang='lat' dir='ltr'>(Recherches</span> <span class='ocrx_word' id='word_1_194' title='bbox 1597 2330 1669 2361; x_wconf 87' lang='lat' dir='ltr'>sur</span> <span class='ocrx_word' id='word_1_195' title='bbox 1687 2319 1728 2360; x_wconf 88' lang='lat' dir='ltr'>le</span> <span class='ocrx_word' id='word_1_196' title='bbox 1750 2319 1860 2361; x_wconf 86' lang='lat' dir='ltr'>culte</span> <span class='ocrx_word' id='word_1_197' title='bbox 1881 2320 1931 2361; x_wconf 94' lang='lat' dir='ltr'>de</span> <span class='ocrx_word' id='word_1_198' title='bbox 1953 2320 2092 2363; x_wconf 90' lang='lat' dir='ltr'>Venus</span> <span class='ocrx_word' id='word_1_199' title='bbox 2118 2321 2214 2362; x_wconf 90' lang='lat' dir='ltr'>Tab.</span> <span class='ocrx_word' id='word_1_200' title='bbox 2235 2321 2337 2362; x_wconf 88' lang='lat' dir='ltr'><strong>XIV.</strong></span> <span class='ocrx_word' id='word_1_201' title='bbox 2357 2321 2402 2363; x_wconf 86' lang='lat' dir='ltr'>E.</span> 
     </span>
     <span class='ocr_line' id='line_1_21' title="bbox 587 2380 2403 2446; baseline 0.002 -13"><span class='ocrx_word' id='word_1_202' title='bbox 587 2393 782 2434; x_wconf 70' lang='lat' dir='ltr'>LAvAauo</span> <span class='ocrx_word' id='word_1_203' title='bbox 812 2392 901 2432; x_wconf 91' lang='lat' dir='ltr'>Nin.</span> <span class='ocrx_word' id='word_1_204' title='bbox 928 2391 1005 2433; x_wconf 92' lang='lat' dir='ltr'>and</span> <span class='ocrx_word' id='word_1_205' title='bbox 1033 2392 1083 2432; x_wconf 86' lang='lat' dir='ltr'>its</span> <span class='ocrx_word' id='word_1_206' title='bbox 1111 2404 1211 2434; x_wconf 87' lang='lat' dir='ltr'>rem.</span> <span class='ocrx_word' id='word_1_207' title='bbox 1238 2392 1282 2433; x_wconf 90' lang='lat' dir='ltr'>II.</span> <span class='ocrx_word' id='word_1_208' title='bbox 1305 2405 1345 2446; x_wconf 92' lang='lat' dir='ltr'>p.</span> <span class='ocrx_word' id='word_1_209' title='bbox 1367 2392 1491 2442; x_wconf 84' lang='lat'><strong>212.)</strong></span> <span class='ocrx_word' id='word_1_210' title='bbox 1512 2398 1554 2434; x_wconf 90' lang='lat' dir='ltr'>et</span> <span class='ocrx_word' id='word_1_211' title='bbox 1580 2394 1620 2434; x_wconf 92' lang='lat' dir='ltr'>in</span> <span class='ocrx_word' id='word_1_212' title='bbox 1647 2399 1785 2436; x_wconf 88' lang='lat' dir='ltr'>nostra</span> <span class='ocrx_word' id='word_1_213' title='bbox 1806 2397 2144 2437; x_wconf 88' lang='lat' dir='ltr'>commentatione</span> <span class='ocrx_word' id='word_1_214' title='bbox 2167 2380 2219 2437; x_wconf 87' lang='lat' dir='ltr'>de</span> <span class='ocrx_word' id='word_1_215' title='bbox 2239 2396 2403 2438; x_wconf 90' lang='lat' dir='ltr'>Nemesi</span> 
     </span>
     <span class='ocr_line' id='line_1_22' title="bbox 588 2468 1632 2519; baseline -0.001 -10"><span class='ocrx_word' id='word_1_216' title='bbox 588 2469 684 2509; x_wconf 87' lang='lat' dir='ltr'>Tab.</span> <span class='ocrx_word' id='word_1_217' title='bbox 705 2468 735 2519; x_wconf 93' lang='lat' dir='ltr'>I,</span> <span class='ocrx_word' id='word_1_218' title='bbox 760 2468 795 2509; x_wconf 91' lang='lat'>1.</span> <span class='ocrx_word' id='word_1_219' title='bbox 1070 2514 1078 2518; x_wconf 28' lang='lat'><strong>⁴</strong></span> <span class='ocrx_word' id='word_1_220' title='bbox 1629 2504 1632 2508; x_wconf 86' lang='lat'>.</span> 
     </span>
    </p>

    <p class='ocr_par' dir='ltr' id='par_1_5' title="bbox 473 2543 2401 2674">
     <span class='ocr_line' id='line_1_23' title="bbox 473 2543 2401 2599; baseline 0.003 -16"><span class='ocrx_word' id='word_1_221' title='bbox 473 2543 552 2592; x_wconf 87' lang='lat'>12)</span> <span class='ocrx_word' id='word_1_222' title='bbox 584 2544 843 2584; x_wconf 89' lang='lat' dir='ltr'>Recherches</span> <span class='ocrx_word' id='word_1_223' title='bbox 871 2555 942 2583; x_wconf 88' lang='lat' dir='ltr'>sur</span> <span class='ocrx_word' id='word_1_224' title='bbox 968 2543 1008 2582; x_wconf 89' lang='lat' dir='ltr'>le</span> <span class='ocrx_word' id='word_1_225' title='bbox 1037 2543 1145 2583; x_wconf 83' lang='lat' dir='ltr'>culte</span> <span class='ocrx_word' id='word_1_226' title='bbox 1174 2544 1229 2584; x_wconf 88' lang='lat' dir='ltr'>du</span> <span class='ocrx_word' id='word_1_227' title='bbox 1256 2545 1408 2598; x_wconf 77' lang='lat' dir='ltr'>cypres</span> <span class='ocrx_word' id='word_1_228' title='bbox 1436 2545 1662 2598; x_wconf 83' lang='lat' dir='ltr'>pyramidal</span> <span class='ocrx_word' id='word_1_229' title='bbox 1692 2543 1818 2584; x_wconf 88' lang='grc'><strong>1854.</strong></span> <span class='ocrx_word' id='word_1_230' title='bbox 1845 2546 1898 2599; x_wconf 91' lang='lat' dir='ltr'>pl.</span> <span class='ocrx_word' id='word_1_231' title='bbox 1927 2545 1990 2585; x_wconf 88' lang='lat' dir='ltr'>XI.</span> <span class='ocrx_word' id='word_1_232' title='bbox 2018 2557 2108 2587; x_wconf 89' lang='lat' dir='ltr'>cum</span> <span class='ocrx_word' id='word_1_233' title='bbox 2137 2545 2256 2588; x_wconf 84' lang='lat' dir='ltr'>docta</span> <span class='ocrx_word' id='word_1_234' title='bbox 2284 2547 2401 2589; x_wconf 84' lang='lat' dir='ltr'>liberi</span> 
     </span>
     <span class='ocr_line' id='line_1_24' title="bbox 587 2619 2058 2674; baseline 0.003 -16"><span class='ocrx_word' id='word_1_235' title='bbox 587 2620 751 2659; x_wconf 87' lang='lat' dir='ltr'>baronis</span> <span class='ocrx_word' id='word_1_236' title='bbox 772 2619 823 2658; x_wconf 91' lang='lat' dir='ltr'>de</span> <span class='ocrx_word' id='word_1_237' title='bbox 843 2619 983 2658; x_wconf 65' lang='lat' dir='ltr'>Romi:</span> <span class='ocrx_word' id='word_1_238' title='bbox 1005 2620 1276 2672; x_wconf 85' lang='lat' dir='ltr'>explicatione</span> <span class='ocrx_word' id='word_1_239' title='bbox 1297 2621 1430 2660; x_wconf 84' lang='lat' dir='ltr'>eidem</span> <span class='ocrx_word' id='word_1_240' title='bbox 1450 2621 1555 2660; x_wconf 90' lang='lat' dir='ltr'>libro</span> <span class='ocrx_word' id='word_1_241' title='bbox 1577 2633 1615 2674; x_wconf 88' lang='lat' dir='ltr'>p.</span> <span class='ocrx_word' id='word_1_242' title='bbox 1641 2620 1872 2661; x_wconf 78' lang='lat'>174-182</span> <span class='ocrx_word' id='word_1_243' title='bbox 1895 2623 2058 2663; x_wconf 84' lang='lat' dir='ltr'>inserta.</span> 
     </span>
    </p>

    <p class='ocr_par' dir='ltr' id='par_1_6' title="bbox 472 2691 2398 2755">
     <span class='ocr_line' id='line_1_25' title="bbox 472 2691 2398 2755; baseline 0.002 -21"><span class='ocrx_word' id='word_1_244' title='bbox 472 2691 550 2743; x_wconf 86' lang='grc'>13)</span> <span class='ocrx_word' id='word_1_245' title='bbox 582 2694 677 2734; x_wconf 86' lang='lat' dir='ltr'>Luc.</span> <span class='ocrx_word' id='word_1_246' title='bbox 699 2696 751 2735; x_wconf 86' lang='lat' dir='ltr'>de</span> <span class='ocrx_word' id='word_1_247' title='bbox 773 2695 852 2735; x_wconf 84' lang='lat' dir='ltr'>deo</span> <span class='ocrx_word' id='word_1_248' title='bbox 873 2695 963 2747; x_wconf 81' lang='lat' dir='ltr'>Syr.</span> <span class='ocrx_word' id='word_1_249' title='bbox 985 2706 1020 2734; x_wconf 86' lang='lat' dir='ltr'>c.</span> <span class='ocrx_word' id='word_1_250' title='bbox 1043 2693 1110 2734; x_wconf 87' lang='grc'>32.</span> <span class='ocrx_word' id='word_1_251' title='bbox 1133 2695 1213 2751; x_wconf 87' lang='grc' dir='ltr'>ἔχει</span> <span class='ocrx_word' id='word_1_252' title='bbox 1240 2718 1285 2724; x_wconf 89' lang='grc'><strong>-</strong></span> <span class='ocrx_word' id='word_1_253' title='bbox 1314 2719 1359 2725; x_wconf 90' lang='grc'>-</span> <span class='ocrx_word' id='word_1_254' title='bbox 1386 2697 1454 2735; x_wconf 80' lang='grc' dir='ltr'>καὶ</span> <span class='ocrx_word' id='word_1_255' title='bbox 1474 2695 1615 2736; x_wconf 77' lang='grc' dir='ltr'>κεστὸν</span> <span class='ocrx_word' id='word_1_256' title='bbox 1636 2693 1669 2749; x_wconf 83' lang='grc' dir='ltr'>ᾧ</span> <span class='ocrx_word' id='word_1_257' title='bbox 1692 2696 1839 2752; x_wconf 79' lang='grc' dir='ltr'>μούνην</span> <span class='ocrx_word' id='word_1_258' title='bbox 1860 2697 1934 2741; x_wconf 70' lang='grc' dir='ltr'>τὴν</span> <span class='ocrx_word' id='word_1_259' title='bbox 1956 2695 2156 2755; x_wconf 68' lang='grc' dir='ltr'>Οὐρανίην</span> <span class='ocrx_word' id='word_1_260' title='bbox 2177 2700 2398 2755; x_wconf 77' lang='grc' dir='ltr'><strong>κοσμέουσι.</strong></span> 
     </span>
    </p>

    <p class='ocr_par' dir='ltr' id='par_1_7' title="bbox 471 2761 2399 2902">
     <span class='ocr_line' id='line_1_26' title="bbox 471 2761 2399 2824; baseline 0.002 -15"><span class='ocrx_word' id='word_1_261' title='bbox 471 2768 550 2817; x_wconf 89' lang='grc'>14)</span> <span class='ocrx_word' id='word_1_262' title='bbox 581 2769 642 2810; x_wconf 91' lang='lat' dir='ltr'>De</span> <span class='ocrx_word' id='word_1_263' title='bbox 674 2770 824 2810; x_wconf 88' lang='lat' dir='ltr'>Dianae</span> <span class='ocrx_word' id='word_1_264' title='bbox 854 2770 1041 2812; x_wconf 88' lang='lat' dir='ltr'>Persicae</span> <span class='ocrx_word' id='word_1_265' title='bbox 1069 2761 1325 2812; x_wconf 80' lang='lat' dir='ltr'>monumento</span> <span class='ocrx_word' id='word_1_266' title='bbox 1352 2770 1711 2824; x_wconf 75' lang='lat' dir='ltr'>Graechwyliam,</span> <span class='ocrx_word' id='word_1_267' title='bbox 1741 2771 1832 2813; x_wconf 87' lang='lat' dir='ltr'>Jen.</span> <span class='ocrx_word' id='word_1_268' title='bbox 1863 2771 1986 2813; x_wconf 83' lang='lat'><strong>1856.</strong></span> <span class='ocrx_word' id='word_1_269' title='bbox 2028 2772 2108 2813; x_wconf 86' lang='lat' dir='ltr'>Cfr.</span> <span class='ocrx_word' id='word_1_270' title='bbox 2137 2772 2181 2812; x_wconf 94' lang='lat' dir='ltr'>E.</span> <span class='ocrx_word' id='word_1_271' title='bbox 2203 2773 2399 2813; x_wconf 63' lang='lat' dir='ltr'>Genuum&gt;</span> 
     </span>
     <span class='ocr_line' id='line_1_27' title="bbox 587 2844 1582 2902; baseline 0.001 -15"><span class='ocrx_word' id='word_1_272' title='bbox 587 2844 840 2899; x_wconf 85' lang='lat' dir='ltr'>Ephemerid.</span> <span class='ocrx_word' id='word_1_273' title='bbox 864 2845 1140 2902; x_wconf 87' lang='lat' dir='ltr'>Archaeolog.</span> <span class='ocrx_word' id='word_1_274' title='bbox 1167 2845 1291 2888; x_wconf 80' lang='lat'><strong>1854.</strong></span> <span class='ocrx_word' id='word_1_275' title='bbox 1312 2860 1374 2888; x_wconf 86' lang='lat' dir='ltr'>nr.</span> <span class='ocrx_word' id='word_1_276' title='bbox 1394 2845 1448 2888; x_wconf 88' lang='lat'>61</span> <span class='ocrx_word' id='word_1_277' title='bbox 1461 2845 1582 2888; x_wconf 89' lang='lat'><strong>-63.</strong></span> 
     </span>
    </p>

    <p class='ocr_par' dir='ltr' id='par_1_8' title="bbox 473 2919 1384 2979">
     <span class='ocr_line' id='line_1_28' title="bbox 473 2919 1384 2979; baseline 0.001 -19"><span class='ocrx_word' id='word_1_278' title='bbox 473 2919 552 2969; x_wconf 88' lang='grc'>15)</span> <span class='ocrx_word' id='word_1_279' title='bbox 584 2920 630 2960; x_wconf 90' lang='lat' dir='ltr'>V.</span> <span class='ocrx_word' id='word_1_280' title='bbox 653 2919 842 2979; x_wconf 65' lang='lat' dir='ltr'>Cassuzna</span> <span class='ocrx_word' id='word_1_281' title='bbox 862 2922 1040 2974; x_wconf 80' lang='lat' dir='ltr'>Symbol.</span> <span class='ocrx_word' id='word_1_282' title='bbox 1062 2922 1107 2963; x_wconf 92' lang='lat'>11.</span> <span class='ocrx_word' id='word_1_283' title='bbox 1130 2935 1167 2976; x_wconf 91' lang='lat' dir='ltr'>p.</span> <span class='ocrx_word' id='word_1_284' title='bbox 1190 2922 1276 2964; x_wconf 88' lang='grc'>353</span> <span class='ocrx_word' id='word_1_285' title='bbox 1298 2935 1384 2976; x_wconf 91' lang='lat' dir='ltr'>sqq.</span> 
     </span>
    </p>

    <p class='ocr_par' dir='ltr' id='par_1_9' title="bbox 473 2994 1782 3052">
     <span class='ocr_line' id='line_1_29' title="bbox 473 2994 1782 3052; baseline 0.005 -18"><span class='ocrx_word' id='word_1_286' title='bbox 473 2994 552 3043; x_wconf 88' lang='grc'>16)</span> <span class='ocrx_word' id='word_1_287' title='bbox 584 2995 685 3036; x_wconf 68' lang='lat' dir='ltr'>Em.</span> <span class='ocrx_word' id='word_1_288' title='bbox 707 3010 757 3036; x_wconf 70' lang='lat' dir='ltr'>un</span> <span class='ocrx_word' id='word_1_289' title='bbox 779 2997 915 3038; x_wconf 59' lang='lat' dir='ltr'>Roma</span> <span class='ocrx_word' id='word_1_290' title='bbox 936 2998 976 3037; x_wconf 87' lang='lat' dir='ltr'>in</span> <span class='ocrx_word' id='word_1_291' title='bbox 997 2997 1158 3052; x_wconf 88' lang='lat' dir='ltr'>Lajardi</span> <span class='ocrx_word' id='word_1_292' title='bbox 1180 2999 1282 3039; x_wconf 87' lang='lat' dir='ltr'>libro</span> <span class='ocrx_word' id='word_1_293' title='bbox 1305 2999 1423 3040; x_wconf 91' lang='lat' dir='ltr'>modo</span> <span class='ocrx_word' id='word_1_294' title='bbox 1445 2998 1604 3039; x_wconf 89' lang='lat' dir='ltr'>laudato</span> <span class='ocrx_word' id='word_1_295' title='bbox 1630 3012 1665 3052; x_wconf 89' lang='lat' dir='ltr'>p.</span> <span class='ocrx_word' id='word_1_296' title='bbox 1691 2999 1782 3040; x_wconf 83' lang='lat'><strong>183.</strong></span> 
     </span>
    </p>
   </div>
  </div>
 </body>
</html>
