2925 3533
1391 268 1715 317 -14-

538 410 679 471 Syria
706 408 772 468 3⁷]
801 415 846 456 et
873 406 1029 471 Cypro
1060 405 1152 466 ³3),
1186 406 1332 455 insula
1357 406 1697 454 Phoeniciarum
1726 412 1771 452 et
1800 405 2091 466 Assyriarum
2117 406 2386 468 religionum
2413 407 2565 471 plena,

541 508 716 557 Veneri
751 523 883 560 sacra
917 506 1010 554 fuit.
1081 505 1356 554 Callimacho
1399 506 1476 554 vel
1515 504 1752 554 Zenodoto
1797 511 1982 552 auctore
2024 504 2191 567 Argivi
2234 506 2403 554 Veneri
2438 524 2565 556 suem

541 609 829 657 immolabant
848 608 1098 669 festumque
1119 606 1331 670 Hysteria
1354 606 1637 677 appellabant
1660 605 1739 666 59).
1782 605 1857 652 Ad
1880 604 2071 652 eundem
2093 607 2256 654 cultum
2277 609 2565 658 referendum

540 719 614 759 est
644 710 762 772 quod
791 724 816 756 a
836 707 1076 756 Corinthiis
1102 722 1274 755 cunnus
1300 714 1425 765 χοῖρος
1442 706 1528 766 4⁰),
1554 722 1578 753 a
1600 708 1813 756 Romanis
1837 706 2058 770 μοι-(3841)
2080 708 2344 769 vocabatur,
2367 718 2411 758 et
2441 726 2564 776 nup-

539 813 698 859 tiarum
724 812 846 857 initio
872 824 992 856 nova
1019 816 1154 872 nupta
1178 824 1363 871 porcum
1390 807 1737 868 immolabatw).
1771 807 1943 854 Eadem
1974 807 2030 854 de
2058 822 2193 854 causa
2215 808 2394 870 Graeci,
2420 827 2564 875 prae-

537 912 692 961 sertim
720 910 1048 969 Athenienses,
1085 907 1263 969 Cereri,
1298 924 1426 971 quam
1460 915 1666 971 tanquam
1703 906 2015 956 foecunditatis
2042 916 2276 972 patronam
2311 911 2563 973 coluerunt,

537 1027 668 1061 suem
697 1018 994 1060 sacraverunt
1026 1018 1070 1057 et
1096 1011 1139 1056 in
1173 1012 1395 1073 mysteriis
1417 1009 1658 1057 Eleusiniis
1688 1008 2126 1068 immolaverunt4⁵)‚
2159 1010 2214 1056 ad
2236 1025 2367 1072 quem
2392 1027 2562 1061 morem

536 1114 686 1161 fictilia
722 1113 985 1160 feminarum
1017 1112 1264 1175 porcellum
1298 1110 1498 1158 manibus
1542 1112 1783 1157 tenentium
1819 1110 2053 1157 simulacra
2088 1112 2133 1157 in
2167 1126 2330 1173 magna
2368 1111 2561 1162 Graecia

539 1216 726 1262 inventa
772 1212 1013 1262 referenda
1060 1220 1161 1260 sunt
1192 1211 1283 1271 4¹).
1362 1212 1515 1274 ltaque
1561 1227 1692 1274 quum
1743 1211 1936 1260 Orientis
1980 1219 2025 1259 et
2068 1211 2322 1260 Occidentis
2367 1214 2560 1277 populos

539 1314 731 1363 eandem
774 1329 867 1362 rem
918 1312 1077 1360 eadem
1125 1313 1322 1373 imagine
1365 1313 1670 1374 exprimentes
1712 1313 1973 1372 videamuS,
2022 1328 2047 1360 a
2088 1328 2201 1361 vero
2246 1328 2336 1362 non
2380 1315 2560 1363 multum

746 1502 988 1552 admittatur,
1020 1501 1149 1541 cibum
1182 1512 1261 1540 non
1286 1512 1436 1554 capere
1467 1512 1596 1554 usque
1627 1502 1664 1541 in
1698 1503 1883 1552 maciem;
1917 1502 2083 1542 feminas
2113 1507 2265 1542 tantum
2297 1501 2483 1552 efferari,
2517 1509 2559 1544 ut

749 1580 949 1619 hominem
972 1579 1161 1619 lacerent.
1506 1618 1508 1620 .

627 1653 708 1705 37)
740 1655 834 1696 Luc.
863 1656 914 1696 de
937 1654 1021 1696 Dea
1048 1654 1137 1708 Syr.
1162 1652 1236 1694 54:
1269 1652 1363 1701 σύας
1392 1646 1435 1694 δὲ
1465 1652 1610 1710 μούνας
1637 1653 1801 1713 ἐναγέας
1828 1648 2053 1711 νομίζοντες
2081 1654 2171 1696 οὔτε
2201 1653 2354 1697 θύουσιν
2383 1656 2474 1698 οὔτε
2502 1671 2558 1697 σι-

747 1731 919 1773 τέονται.
973 1729 1087 1773 ἄλλοι
1109 1724 1150 1772 δ’
1173 1732 1217 1772 οὐ
1239 1729 1358 1789 σφέας
1379 1729 1544 1790 ἐναγέας
1571 1729 1675 1772 ἀλλὰ
1699 1731 1849 1789 ἱεροὺς
1876 1725 2083 1789 νομίζουσι.
2137 1730 2295 1790 ὀρνίθων
2316 1747 2362 1773 τε
2383 1731 2558 1775 αὐτέοισι

749 1808 954 1866 περιστερὴ
977 1800 1105 1849 δοκέει
1126 1814 1258 1865 χρῆμα
1281 1807 1471 1865 ἱρότατον.

629 1884 711 1935 38)
742 1884 954 1938 Antiphan.
976 1884 1081 1938 apud
1104 1884 1249 1925 Athen.
1270 1883 1313 1924 ll.
1335 1896 1370 1937 p.
1393 1884 1447 1925 95
1466 1894 1517 1924 s.:

892 1961 934 2002 ἐν
955 1966 1007 2015 τῇ
1029 1958 1179 2017 Κύπρῳ
1201 1953 1242 2000 δ’
1264 1959 1369 2001 οὔτω
1391 1953 1551 2018 φιληδεῖ
1568 1962 1649 2008 (sc.
1678 1952 1915 2018 Ἀφροδίτη)
1936 1965 2022 2007 ταῖς
2042 1959 2124 2001 ὑσὶν

894 2030 1088 2087 δέσποτα,
1111 2036 1215 2077 ὥστε
1236 2043 1502 2094 σκατοφαγεῖν
1524 2030 1682 2093 ἀπεῖρξε

894 2111 941 2153 τὸ
963 2106 1083 2165 ζῷον,
1105 2112 1197 2160 τοὺς
1219 2105 1263 2152 δὲ
1285 2114 1374 2166 βοῦς
1393 2110 1629 2171 ἠνάγκασεν.

629 2187 711 2238 39)
743 2188 889 2229 Athen.
912 2188 975 2229 111.
1007 2201 1046 2241 p.
1073 2189 1128 2228 95
1152 2200 1182 2228 s.

625 2264 709 2313 40)
742 2265 850 2307 Suid.
872 2271 1007 2322 χοῖρος.
1039 2265 1087 2306 τὸ
1109 2259 1222 2318 ζῷον.
1261 2265 1368 2321 παρὰ
1390 2263 1605 2321 Κορινθίοις
1633 2258 1676 2306 δὲ
1696 2264 1743 2305 τὸ
1763 2271 1983 2322 γυναικεῖον
2005 2258 2164 2306 αἰδοῖον.
2205 2263 2312 2307 ἔνθεν
2333 2267 2400 2307 καὶ
2420 2281 2556 2323 παροι-

745 2341 833 2398 μία·
864 2337 1153 2398 Ἀκροκορινθία
1171 2339 1301 2389 ἔοικας
1319 2340 1636 2398 χοιροπωλησειν.
1659 2341 1747 2382 ἀντὶ
1764 2346 1848 2392 τοῦ,
1871 2339 1998 2389 ἔοικας
2015 2339 2287 2400 μισθαρυῆσειν
2308 2344 2348 2383 ἐν
2363 2339 2554 2400 Κορίνθῳ.

744 2417 892 2459 πολλαὶ
912 2416 988 2476 γαρ
1011 2419 1094 2458 ἐκεῖ
1112 2419 1275 2475 ἑταῖραι.

621 2493 706 2544 41)
738 2494 868 2541 ,Varro
889 2493 935 2534 R.
957 2493 1002 2534 R.
1034 2493 1085 2544 11,
1106 2493 1164 2534 4.:
1197 2494 1408 2544 mulieres,
1443 2493 1615 2533 maxime
1637 2494 1838 2545 nutrices,
1866 2498 2045 2536 naturam
2066 2506 2145 2547 qua
2171 2493 2344 2537 feminae
2366 2499 2479 2545 sunt,
2511 2494 2550 2535 in

744 2569 972 2623 virginibus
994 2570 1197 2622 appellunt
1217 2581 1402 2623 porcam,
1433 2574 1478 2610 ut
1500 2569 1645 2610 Gracci
1665 2576 1811 2627 χοῖρον,
1841 2570 2113 2624 significantes
2139 2582 2233 2611 esse
2254 2570 2414 2626 dignam
2442 2582 2553 2624 nup-

744 2646 901 2685 tiarum.

623 2719 707 2771 42)
738 2720 853 2762 Varr.
874 2720 918 2761 R.
940 2719 986 2761 R.
1008 2719 1058 2772 11,
1080 2719 1122 2772 4,
1145 2720 1184 2760 9.

622 2797 706 2846 43)
739 2797 845 2838 Suid.
865 2797 1020 2854 χοιρίων
1038 2803 1300 2853 μυστηρικῶν.
1330 2800 1370 2839 ἐν
1386 2804 1468 2845 τοῖς
1485 2798 1707 2854 μυστηρίοις
1723 2803 1794 2845 τῆς
1807 2798 2016 2856 Δήμητρος
2031 2806 2156 2857 χοῖρος
2175 2798 2323 2842 ἐθύετο.
2346 2798 2553 2840 ἀνάκειται

742 2873 818 2933 γὰρ
839 2873 888 2914 τὰ
909 2867 1011 2927 ζῷον
1032 2879 1085 2928 τῇ
1107 2871 1196 2927 θεῷ.

622 2949 706 2999 44)
737 2950 784 2991 V.
814 2949 972 2993 Cunus
1001 2950 1171 2992 Recueil
1202 2950 1263 2992 Vl.
1288 2949 1354 2991 37.
1403 2951 1446 2992 E.
1476 2949 1692 3003 cannino,
1725 2950 1832 2992 Mon.
1860 2950 1968 2993 lned.
1998 2953 2093 2995 Tab.
2121 2952 2258 2995 XCIX.
2293 2951 2417 2994 1—4.
2445 2950 2485 2991 6.
2515 2950 2554 2992 7.

741 3026 768 3067 9
786 3053 829 3059 —-
848 3025 914 3067 ¹3.
