2925 3533
1299 267 1623 317 „19-

607 403 735 452 Haec
768 410 922 463 erant,
955 402 1054 450 Viri
1087 402 1374 453 Illustrissimi
1410 411 1543 466 atque
1578 402 1877 465 Amplissimi‚
1919 416 2036 463 quae
2072 401 2131 448 de
2163 403 2473 465 antiquissimo

440 501 635 552 turibulo
660 501 1029 565 gratulationibus
1061 503 1229 552 nostris
1256 502 1363 552 boni
1397 504 1555 552 ominis
1590 516 1728 552 causa
1762 500 2039 563 subjungere
2074 500 2311 551 voluimus.
2368 501 2469 552 Vos

445 607 610 662 autem,
644 608 693 651 ut
723 603 895 652 litteras
929 602 1029 664 has,
1063 601 1340 651 Academiae
1374 609 1557 652 nostrae
1586 604 1719 665 jussu
1746 607 1792 649 et
1822 600 2085 649 auctoritate
2114 598 2171 648 ad
2192 600 2289 650 Vos
2325 600 2472 663 datas,

444 717 528 762 ea,
562 717 651 764 qua
684 703 879 765 scriptae
910 690 1038 763 sunt,
1083 701 1402 751 benevolentia
1437 704 1664 766 accipiatis
1701 716 1943 763 rogamus,
1989 715 2346 764 persuasumque
2380 701 2472 749 ba-

444 799 607 861 beatis,
641 815 726 851 nos
752 816 840 864 quo
869 804 1042 863 majore
1066 809 1288 850 terrarum
1308 802 1546 850 intervallo
1575 817 1601 849 a
1624 800 1767 851 Vobis
1792 803 1981 862 sejuncti
2009 815 2179 862 sumus,
2211 815 2268 850 eo
2296 800 2474 849 arden-

444 901 562 949 tiore
604 915 755 950 rerum
800 901 1064 951 Vestrarum
1115 901 1261 951 studio
1302 903 1447 950 teneri
1489 901 1720 965 Vobisque
1763 902 1926 964 optima
1970 915 2176 964 quaeque
2220 901 2471 965 apprecari.

447 999 601 1057 Quare
643 1000 786 1051 festos
833 1018 945 1064 quos
997 1001 1127 1052 nobis
1169 1000 1392 1051 indixistis
1435 1000 1532 1050 dies
1573 1003 1658 1064 piis
1717 1002 1834 1049 votis
1879 1015 2204 1063 prosequemur
2247 1000 2472 1062 laetisque

443 1098 674 1161 plausibus
710 1102 812 1150 sive
844 1110 1112 1164 praesentes
1147 1103 1248 1150 sive
1289 1099 1500 1149 absentes
1530 1100 1715 1149 Horatio
1751 1098 1872 1159 (Od.
1898 1098 1977 1159 IV,
2003 1100 2051 1158 2,
2073 1099 2184 1159 49.)
2219 1105 2472 1162 praeeunte

1398 1235 1448 1277 Jo
1470 1235 1672 1289 triumphe

907 1311 996 1353 Non
1017 1311 1143 1353 semel
1165 1310 1365 1362 dicemus,
1396 1310 1446 1352 Jo
1468 1310 1682 1364 triumphe,

907 1386 1058 1429 Civitas
1080 1387 1211 1429 omnis
1219 1400 1230 1436 ;
1253 1388 1521 1438 dabimusque
1543 1387 1660 1426 Divis

1252 1465 1368 1504 Tura
1389 1464 1587 1511 beniynie.

445 1655 644 1696 nubamus
676 1657 714 1696 in
743 1656 956 1696 Academia
985 1656 1224 1708 Tubingensi
1253 1656 1314 1695 die
1344 1671 1410 1695 xx.
1439 1670 1488 1695 m.
1519 1656 1626 1707 Sept.
1656 1669 1690 1694 a.
1723 1653 2011 1694 MDCCCLVI.
