2925 3533
1682 712 1775 753 Quid
1805 711 1916 745 velint
1946 712 2050 746 flores
2076 716 2110 746 et
2141 722 2289 747 acerra
2314 714 2427 747 turis

1680 776 1791 810 Plena
1815 779 1975 810 miraris?

2072 843 2158 875 Hor.
2179 842 2244 875 od.
2263 843 2326 883 111,
2345 844 2375 883 8,
2394 845 2425 874 2.

570 1098 718 1151 Dum
759 1103 1073 1152 Britannorum
1108 1102 1430 1165 Gallorumque
1468 1116 1625 1151 musea
1667 1102 1797 1165 larga
1835 1110 2220 1151 monumentorum
2264 1118 2292 1150 e
2325 1103 2430 1151 Nini

404 1212 451 1253 et
482 1202 731 1268 Babylonis
764 1204 905 1252 ruinis
938 1209 1166 1252 erutorum
1198 1216 1352 1253 messe
1374 1200 1637 1263 farciuntur,
1670 1209 1924 1254 nostrarum
1947 1219 2098 1252 rerum
2123 1219 2179 1252 ea
2214 1211 2286 1254 est
2310 1219 2430 1253 con-

408 1305 531 1365 ditio,
564 1311 613 1352 ut
645 1306 692 1352 in
723 1304 960 1367 spicilegio
993 1302 1203 1351 faciendo
1228 1302 1359 1352 nobis
1388 1303 1447 1351 sit
1469 1302 1860 1365 acquiescendum.
1926 1304 2139 1351 Attamen
2173 1312 2429 1367 opportuno

408 1417 518 1454 casu
564 1402 751 1464 accidit,
796 1409 844 1451 ut
886 1417 987 1451 cum
1031 1402 1082 1451 F.
1127 1401 1337 1460 Manat,
1383 1403 1578 1463 equitum
1620 1402 1892 1450 Badensium
1939 1404 2162 1466 quondam
2207 1405 2427 1468 magistri,

405 1512 691 1552 monumenta
723 1506 768 1550 in
802 1505 910 1551 villa
945 1505 1259 1551 amoenissima
1287 1505 1455 1549 civitati
1480 1504 1698 1551 Aureliae
1719 1505 1999 1566 Aquensium
2033 1505 2276 1553 imminenti
2310 1518 2429 1553 con-

406 1611 540 1666 gesta
560 1604 953 1667 perlustraremus,
972 1604 1018 1650 in
1039 1592 1276 1651 turibulum
1298 1615 1489 1649 aeneum
1512 1602 1810 1652 incideremus
1834 1602 1954 1666 quod
1973 1601 2254 1653 manifestum
2270 1587 2431 1666 Assy-⁴

405 1706 504 1752 riae
538 1705 646 1752 artis
679 1703 987 1751 characterem
1029 1717 1140 1766 prae
1179 1716 1233 1751 se
1269 1700 1412 1750 ferret
1445 1700 1501 1761 ¹).
1569 1701 1701 1758 Quod
1745 1717 1825 1749 cur
1865 1702 1951 1749 hac
1990 1705 2267 1766 potissimum
2299 1704 2428 1753 litte-

407 1818 576 1864 rarum,
610 1818 722 1866 quas
756 1803 1067 1865 gratulationis
1097 1816 1235 1851 causa
1269 1801 1327 1849 ad
1354 1815 1469 1861 vos,
1504 1799 1729 1864 Collegae
1762 1816 1933 1850 summe
1948 1785 2235 1865 reverendi,
2270 1810 2429 1853 trans-

408 1904 624 1965 misimus,
660 1905 903 1953 occasione
932 1903 1081 1953 oblata
1114 1903 1279 1967 publici
1298 1904 1414 1965 juris
1444 1901 1711 1964 fecerimus,
1745 1917 1878 1952 nemo
1904 1902 2146 1966 mirabitur,
2178 1905 2252 1967 qui
2285 1919 2432 1968 repu-

408 2005 597 2065 taverit‚
652 2003 923 2053 Germaniae
973 2003 1229 2052 academias
1272 2010 1361 2052 tam
1406 2010 1530 2052 arcto
1584 2004 1878 2051 communium
1921 2004 2168 2052 studiorum
2213 2007 2435 2053 contineri

410 2104 610 2164 vincu10‚
634 2110 682 2153 ut
713 2103 923 2167 quidquid
954 2103 1061 2152 honi
1087 2103 1167 2151 vel
1194 2102 1377 2152 adversi
1411 2104 1487 2149 uni
1517 2118 1672 2150 earum
1698 2103 1927 2162 acciderit,
1961 2104 2007 2149 id
2040 2112 2224 2152 ceterae
2256 2119 2435 2168 quoque

411 2202 468 2250 ad
502 2218 608 2252 sese
649 2205 879 2266 pertinere
914 2209 1144 2252 censeant.
1212 2203 1303 2250 Pro
1336 2202 1423 2249 hac
1463 2209 1612 2249 mutua
1654 2203 1886 2251 voluntate
1930 2202 2074 2253 festos
2118 2203 2433 2265 saecularium,

412 2317 528 2366 quae
565 2301 695 2352 nobis
728 2302 975 2363 indixistis,
1019 2303 1116 2352 dies
1144 2315 1231 2352 nos
1262 2315 1441 2365 quoque
1472 2302 1558 2365 piis
1596 2302 1716 2352 votis
1748 2304 2092 2366 prosequimur,
2128 2311 2174 2352 et
2206 2318 2435 2367 supremo,

412 2404 488 2466 qui
519 2403 796 2452 Academiae
828 2409 1014 2451 vestrae
1048 2408 1251 2465 quartum
1283 2401 1365 2452 has
1398 2401 1536 2452 ferias
1565 2402 1762 2464 reduxit,
1792 2389 1893 2451 Deo
1928 2419 2016 2451 una
2050 2384 2282 2453 vobiscum
2316 2419 2435 2466 gra-

412 2504 496 2552 tias
532 2505 720 2566 agimus.

575 2602 656 2653 His
690 2604 951 2669 praemissis
985 2603 1042 2651 ad
1074 2604 1216 2667 ipsam
1251 2617 1440 2651 acerrae
1473 2608 1658 2650 nostrae
1687 2596 2033 2667 descriptionem
2063 2604 2256 2652 transire
2280 2603 2432 2665 liceat,

415 2714 545 2767 qu‘am
580 2704 758 2767 quidem
790 2705 940 2769 paullo
974 2704 1159 2753 brevius
1192 2703 1368 2751 JAcono
1397 2701 1736 2763 Minroamm,
1768 2704 2032 2767 professore
2057 2702 2372 2767 Neapolitano,
2406 2717 2434 2750 a

416 2818 504 2867 quo
538 2805 713 2853 thecam
749 2806 1032 2854 calamariam
1056 2804 1298 2853 Herculani
1323 2801 1543 2851 detectam
1573 2802 1870 2867 septingentis
1896 2803 2074 2867 paginis
2105 2802 2280 2852 formae
2315 2818 2435 2867 qua-

538 2952 588 3002 1)
619 2947 871 2995 Asservatur
889 2953 1012 2994 hodie
1032 2954 1074 2994 in
1093 2953 1238 2994 Museo
1260 2951 1551 3001 Caroliruensi,
1583 2952 1624 2992 in
1653 2952 1762 3005 quod
1791 2964 1881 2992 cum
1906 2952 2075 3005 reliquis
2100 2952 2141 2993 F.
2162 2951 2323 2992 ΜΑιειιι
2345 2963 2437 2993 mo—

625 3029 827 3070 numentis
848 3028 1019 3083 antiquis
1039 3027 1273 3071 translatum
1296 3032 1368 3070 est.

2017 3103 2093 3151 1⁴}
