<?xml version="1.0" encoding="UTF-8"?>
<!DOCTYPE html PUBLIC "-//W3C//DTD XHTML 1.0 Transitional//EN"
    "http://www.w3.org/TR/xhtml1/DTD/xhtml1-transitional.dtd">
<html xmlns="http://www.w3.org/1999/xhtml" xml:lang="en" lang="en">
 <head>
  <title>
</title>
<meta http-equiv="Content-Type" content="text/html;charset=utf-8" />
  <meta name='ocr-system' content='tesseract 3.04.00' />
  <meta name='ocr-capabilities' content='ocr_page ocr_carea ocr_par ocr_line ocrx_word'/>
</head>
<body>
  <div class='ocr_page' id='page_1' title='image "4767265_0019.png"; bbox 0 0 2925 3533; ppageno 0'>
   <div class='ocr_carea' id='block_1_1' title="bbox 1264 323 1588 371">
    <p class='ocr_par' dir='ltr' id='par_1_1' title="bbox 1264 323 1588 371">
     <span class='ocr_line' id='line_1_1' title="bbox 1264 323 1588 371; baseline 0 -14"><span class='ocrx_word' id='word_1_1' title='bbox 1264 323 1588 371; x_wconf 69' lang='lat'><strong>-13-</strong></span> 
     </span>
    </p>
   </div>
   <div class='ocr_carea' id='block_1_2' title="bbox 376 457 2433 2139">
    <p class='ocr_par' dir='ltr' id='par_1_2' title="bbox 376 457 2433 1934">
     <span class='ocr_line' id='line_1_2' title="bbox 416 457 2432 522; baseline -0.002 -12"><span class='ocrx_word' id='word_1_2' title='bbox 416 478 518 510; x_wconf 92' lang='lat' dir='ltr'><strong>cum</strong></span> <span class='ocrx_word' id='word_1_3' title='bbox 552 462 750 509; x_wconf 88' lang='lat' dir='ltr'><strong>novitate</strong></span> <span class='ocrx_word' id='word_1_4' title='bbox 793 469 882 508; x_wconf 92' lang='lat' dir='ltr'><strong>tum</strong></span> <span class='ocrx_word' id='word_1_5' title='bbox 924 462 1075 507; x_wconf 89' lang='lat' dir='ltr'><strong>intimo</strong></span> <span class='ocrx_word' id='word_1_6' title='bbox 1119 475 1219 507; x_wconf 91' lang='lat' dir='ltr'><strong>cum</strong></span> <span class='ocrx_word' id='word_1_7' title='bbox 1260 462 1482 522; x_wconf 83' lang='lat' dir='ltr'>religione</span> <span class='ocrx_word' id='word_1_8' title='bbox 1515 461 1808 521; x_wconf 81' lang='lat' dir='ltr'>Assyriorum</span> <span class='ocrx_word' id='word_1_9' title='bbox 1847 464 1892 504; x_wconf 89' lang='lat' dir='ltr'><strong>et</strong></span> <span class='ocrx_word' id='word_1_10' title='bbox 1927 457 2274 520; x_wconf 78' lang='lat' dir='ltr'><strong>Babyloniorum</strong></span> <span class='ocrx_word' id='word_1_11' title='bbox 2309 474 2432 505; x_wconf 83' lang='lat' dir='ltr'><strong>nexu</strong></span> 
     </span>
     <span class='ocr_line' id='line_1_3' title="bbox 418 558 2433 622; baseline -0.002 -13"><span class='ocrx_word' id='word_1_12' title='bbox 418 569 663 609; x_wconf 90' lang='lat' dir='ltr'><strong>memoratu</strong></span> <span class='ocrx_word' id='word_1_13' title='bbox 710 559 903 622; x_wconf 88' lang='lat' dir='ltr'><strong>dignum.</strong></span> <span class='ocrx_word' id='word_1_14' title='bbox 971 560 1171 607; x_wconf 81' lang='lat' dir='ltr'><strong>Leonem</strong></span> <span class='ocrx_word' id='word_1_15' title='bbox 1205 563 1250 606; x_wconf 90' lang='lat' dir='ltr'><strong>in</strong></span> <span class='ocrx_word' id='word_1_16' title='bbox 1285 561 1352 607; x_wconf 89' lang='lat' dir='ltr'><strong>his</strong></span> <span class='ocrx_word' id='word_1_17' title='bbox 1393 562 1686 607; x_wconf 82' lang='lat' dir='ltr'><strong>monumentis</strong></span> <span class='ocrx_word' id='word_1_18' title='bbox 1721 560 1981 606; x_wconf 82' lang='lat' dir='ltr'><strong>sexcenties</strong></span> <span class='ocrx_word' id='word_1_19' title='bbox 2025 558 2205 605; x_wconf 87' lang='lat' dir='ltr'><strong>obvium</strong></span> <span class='ocrx_word' id='word_1_20' title='bbox 2249 567 2433 622; x_wconf 88' lang='lat' dir='ltr'><strong>propter</strong></span> 
     </span>
     <span class='ocr_line' id='line_1_4' title="bbox 416 660 2429 729; baseline -0 -20"><span class='ocrx_word' id='word_1_21' title='bbox 416 664 597 724; x_wconf 85' lang='lat' dir='ltr'><strong>igneam</strong></span> <span class='ocrx_word' id='word_1_22' title='bbox 632 669 832 709; x_wconf 87' lang='lat' dir='ltr'><strong>naturam</strong></span> <span class='ocrx_word' id='word_1_23' title='bbox 866 676 992 710; x_wconf 90' lang='lat' dir='ltr'><strong>suam</strong></span> <span class='ocrx_word' id='word_1_24' title='bbox 1014 661 1110 709; x_wconf 89' lang='lat' dir='ltr'><strong>Soli</strong></span> <span class='ocrx_word' id='word_1_25' title='bbox 1144 676 1320 709; x_wconf 85' lang='lat' dir='ltr'><strong>sacrum</strong></span> <span class='ocrx_word' id='word_1_26' title='bbox 1342 660 1483 710; x_wconf 89' lang='lat' dir='ltr'><strong>fuisse</strong></span> <span class='ocrx_word' id='word_1_27' title='bbox 1515 676 1605 729; x_wconf 86' lang='lat' dir='ltr'><strong>non</strong></span> <span class='ocrx_word' id='word_1_28' title='bbox 1632 668 1702 709; x_wconf 91' lang='lat' dir='ltr'><strong>est</strong></span> <span class='ocrx_word' id='word_1_29' title='bbox 1730 660 1847 723; x_wconf 91' lang='lat' dir='ltr'><strong>quod</strong></span> <span class='ocrx_word' id='word_1_30' title='bbox 1878 661 2022 709; x_wconf 90' lang='lat' dir='ltr'><strong>multis</strong></span> <span class='ocrx_word' id='word_1_31' title='bbox 2059 660 2429 710; x_wconf 79' lang='lat' dir='ltr'><strong>demonstremus,</strong></span> 
     </span>
     <span class='ocr_line' id='line_1_5' title="bbox 417 763 2431 826; baseline -0.001 -15"><span class='ocrx_word' id='word_1_32' title='bbox 417 764 513 812; x_wconf 86' lang='lat' dir='ltr'><strong>Sed</strong></span> <span class='ocrx_word' id='word_1_33' title='bbox 548 779 645 810; x_wconf 88' lang='lat' dir='ltr'><strong>cum</strong></span> <span class='ocrx_word' id='word_1_34' title='bbox 681 764 750 811; x_wconf 93' lang='lat' dir='ltr'><strong>sol</strong></span> <span class='ocrx_word' id='word_1_35' title='bbox 792 763 924 810; x_wconf 92' lang='lat' dir='ltr'><strong>modo</strong></span> <span class='ocrx_word' id='word_1_36' title='bbox 960 763 1201 810; x_wconf 90' lang='lat' dir='ltr'><strong>salutarem</strong></span> <span class='ocrx_word' id='word_1_37' title='bbox 1241 763 1374 811; x_wconf 91' lang='lat' dir='ltr'><strong>modo</strong></span> <span class='ocrx_word' id='word_1_38' title='bbox 1417 763 1676 826; x_wconf 80' lang='lat' dir='ltr'><strong>pestiferam</strong></span> <span class='ocrx_word' id='word_1_39' title='bbox 1710 764 1755 809; x_wconf 93' lang='lat' dir='ltr'><strong>in</strong></span> <span class='ocrx_word' id='word_1_40' title='bbox 1787 777 1935 808; x_wconf 90' lang='lat' dir='ltr'><strong>rerum</strong></span> <span class='ocrx_word' id='word_1_41' title='bbox 1977 769 2178 809; x_wconf 89' lang='lat' dir='ltr'><strong>naturam</strong></span> <span class='ocrx_word' id='word_1_42' title='bbox 2213 763 2303 808; x_wconf 87' lang='lat' dir='ltr'><strong>vim</strong></span> <span class='ocrx_word' id='word_1_43' title='bbox 2337 777 2431 808; x_wconf 80' lang='lat' dir='ltr'><strong>ex-</strong></span> 
     </span>
     <span class='ocr_line' id='line_1_6' title="bbox 415 863 2432 927; baseline -0.002 -14"><span class='ocrx_word' id='word_1_44' title='bbox 415 873 555 923; x_wconf 83' lang='lat' dir='ltr'><strong>serat,</strong></span> <span class='ocrx_word' id='word_1_45' title='bbox 589 865 735 912; x_wconf 91' lang='lat' dir='ltr'><strong>leonis</strong></span> <span class='ocrx_word' id='word_1_46' title='bbox 763 865 807 910; x_wconf 92' lang='lat' dir='ltr'><strong>in</strong></span> <span class='ocrx_word' id='word_1_47' title='bbox 836 866 1129 912; x_wconf 85' lang='lat' dir='ltr'><strong>monumentis</strong></span> <span class='ocrx_word' id='word_1_48' title='bbox 1163 865 1487 927; x_wconf 86' lang='lat' dir='ltr'><strong>repraesentati</strong></span> <span class='ocrx_word' id='word_1_49' title='bbox 1511 866 1639 910; x_wconf 87' lang='lat' dir='ltr'><strong>varia</strong></span> <span class='ocrx_word' id='word_1_50' title='bbox 1667 871 1736 911; x_wconf 92' lang='lat' dir='ltr'><strong>est</strong></span> <span class='ocrx_word' id='word_1_51' title='bbox 1769 863 2044 925; x_wconf 87' lang='lat' dir='ltr'><strong>significatio.</strong></span> <span class='ocrx_word' id='word_1_52' title='bbox 2090 864 2432 912; x_wconf 86' lang='lat' dir='ltr'><strong>Usitatissimum</strong></span> 
     </span>
     <span class='ocr_line' id='line_1_7' title="bbox 416 962 2428 1027; baseline 0 -16"><span class='ocrx_word' id='word_1_53' title='bbox 416 972 489 1013; x_wconf 88' lang='lat' dir='ltr'><strong>est</strong></span> <span class='ocrx_word' id='word_1_54' title='bbox 521 965 666 1012; x_wconf 88' lang='lat' dir='ltr'><strong>leonis</strong></span> <span class='ocrx_word' id='word_1_55' title='bbox 702 963 869 1013; x_wconf 87' lang='lat' dir='ltr'><strong>bovem</strong></span> <span class='ocrx_word' id='word_1_56' title='bbox 902 964 979 1012; x_wconf 88' lang='lat' dir='ltr'><strong>vel</strong></span> <span class='ocrx_word' id='word_1_57' title='bbox 1014 979 1198 1012; x_wconf 89' lang='lat' dir='ltr'><strong>cervum</strong></span> <span class='ocrx_word' id='word_1_58' title='bbox 1234 964 1517 1012; x_wconf 88' lang='lat' dir='ltr'><strong>diIacerantis</strong></span> <span class='ocrx_word' id='word_1_59' title='bbox 1535 962 1600 1023; x_wconf 76' lang='lat'><strong>5³)</strong></span> <span class='ocrx_word' id='word_1_60' title='bbox 1635 963 1940 1027; x_wconf 86' lang='lat' dir='ltr'><strong>symplegma,</strong></span> <span class='ocrx_word' id='word_1_61' title='bbox 1985 963 2102 1026; x_wconf 91' lang='lat' dir='ltr'><strong>quod</strong></span> <span class='ocrx_word' id='word_1_62' title='bbox 2145 980 2205 1012; x_wconf 87' lang='lat' dir='ltr'><strong>ex</strong></span> <span class='ocrx_word' id='word_1_63' title='bbox 2241 964 2428 1012; x_wconf 88' lang='lat' dir='ltr'><strong>Oriente</strong></span> 
     </span>
     <span class='ocr_line' id='line_1_8' title="bbox 412 1064 2428 1130; baseline -0.001 -16"><span class='ocrx_word' id='word_1_64' title='bbox 412 1065 664 1130; x_wconf 90' lang='lat' dir='ltr'><strong>profectum</strong></span> <span class='ocrx_word' id='word_1_65' title='bbox 700 1067 831 1113; x_wconf 88' lang='lat' dir='ltr'><strong>etiam</strong></span> <span class='ocrx_word' id='word_1_66' title='bbox 866 1082 892 1112; x_wconf 88' lang='lat' dir='ltr'><strong>a</strong></span> <span class='ocrx_word' id='word_1_67' title='bbox 927 1064 1117 1114; x_wconf 85' lang='lat' dir='ltr'><strong>GraecIs</strong></span> <span class='ocrx_word' id='word_1_68' title='bbox 1152 1074 1382 1129; x_wconf 90' lang='lat' dir='ltr'><strong>receptum</strong></span> <span class='ocrx_word' id='word_1_69' title='bbox 1418 1074 1487 1114; x_wconf 90' lang='lat' dir='ltr'><strong>est</strong></span> <span class='ocrx_word' id='word_1_70' title='bbox 1515 1065 1593 1125; x_wconf 80' lang='lat'><strong>5¹).</strong></span> <span class='ocrx_word' id='word_1_71' title='bbox 1663 1066 1758 1112; x_wconf 87' lang='lat' dir='ltr'><strong>Hac</strong></span> <span class='ocrx_word' id='word_1_72' title='bbox 1790 1067 1983 1127; x_wconf 85' lang='lat' dir='ltr'><strong>imagine</strong></span> <span class='ocrx_word' id='word_1_73' title='bbox 2014 1068 2084 1113; x_wconf 87' lang='lat' dir='ltr'><strong>vis</strong></span> <span class='ocrx_word' id='word_1_74' title='bbox 2119 1067 2227 1114; x_wconf 90' lang='lat' dir='ltr'><strong>solis</strong></span> <span class='ocrx_word' id='word_1_75' title='bbox 2263 1074 2428 1113; x_wconf 89' lang='lat' dir='ltr'><strong>terram</strong></span> 
     </span>
     <span class='ocr_line' id='line_1_9' title="bbox 417 1167 2430 1232; baseline 0.001 -18"><span class='ocrx_word' id='word_1_76' title='bbox 417 1176 463 1214; x_wconf 89' lang='lat' dir='ltr'><strong>et</strong></span> <span class='ocrx_word' id='word_1_77' title='bbox 495 1176 653 1214; x_wconf 88' lang='lat' dir='ltr'><strong>tenera</strong></span> <span class='ocrx_word' id='word_1_78' title='bbox 678 1168 881 1214; x_wconf 87' lang='lat' dir='ltr'><strong>animalia</strong></span> <span class='ocrx_word' id='word_1_79' title='bbox 918 1169 970 1227; x_wconf 87' lang='lat' dir='ltr'><strong>(i.</strong></span> <span class='ocrx_word' id='word_1_80' title='bbox 991 1182 1030 1213; x_wconf 90' lang='lat' dir='ltr'><strong>e.</strong></span> <span class='ocrx_word' id='word_1_81' title='bbox 1057 1167 1223 1214; x_wconf 90' lang='lat' dir='ltr'><strong>bovem</strong></span> <span class='ocrx_word' id='word_1_82' title='bbox 1248 1174 1294 1215; x_wconf 88' lang='lat' dir='ltr'><strong>et</strong></span> <span class='ocrx_word' id='word_1_83' title='bbox 1314 1168 1522 1226; x_wconf 87' lang='lat' dir='ltr'><strong>cervum)</strong></span> <span class='ocrx_word' id='word_1_84' title='bbox 1559 1174 1686 1215; x_wconf 89' lang='lat' dir='ltr'><strong>aestu</strong></span> <span class='ocrx_word' id='word_1_85' title='bbox 1716 1173 1761 1214; x_wconf 88' lang='lat' dir='ltr'><strong>et</strong></span> <span class='ocrx_word' id='word_1_86' title='bbox 1788 1168 1987 1214; x_wconf 85' lang='lat' dir='ltr'><strong>siccitate</strong></span> <span class='ocrx_word' id='word_1_87' title='bbox 2021 1175 2234 1217; x_wconf 87' lang='lat' dir='ltr'><strong>evertens</strong></span> <span class='ocrx_word' id='word_1_88' title='bbox 2266 1171 2430 1232; x_wconf 85' lang='lat' dir='ltr'><strong>expri-</strong></span> 
     </span>
     <span class='ocr_line' id='line_1_10' title="bbox 415 1267 2427 1332; baseline 0.001 -17"><span class='ocrx_word' id='word_1_89' title='bbox 415 1271 569 1328; x_wconf 84' lang='lat' dir='ltr'><strong>mitur3</strong></span> <span class='ocrx_word' id='word_1_90' title='bbox 602 1270 688 1315; x_wconf 88' lang='lat' dir='ltr'><strong>viri</strong></span> <span class='ocrx_word' id='word_1_91' title='bbox 718 1275 863 1315; x_wconf 87' lang='lat' dir='ltr'><strong>autem</strong></span> <span class='ocrx_word' id='word_1_92' title='bbox 889 1268 1066 1315; x_wconf 89' lang='lat' dir='ltr'><strong>leonem</strong></span> <span class='ocrx_word' id='word_1_93' title='bbox 1089 1269 1416 1332; x_wconf 85' lang='lat' dir='ltr'><strong>comprimentis</strong></span> <span class='ocrx_word' id='word_1_94' title='bbox 1434 1268 1509 1315; x_wconf 88' lang='lat' dir='ltr'><strong>vel</strong></span> <span class='ocrx_word' id='word_1_95' title='bbox 1535 1267 1791 1315; x_wconf 85' lang='lat' dir='ltr'><strong>trucidantis</strong></span> <span class='ocrx_word' id='word_1_96' title='bbox 1819 1268 2115 1332; x_wconf 74' lang='lat' dir='ltr'><strong>symplegma,</strong></span> <span class='ocrx_word' id='word_1_97' title='bbox 2143 1270 2185 1314; x_wconf 90' lang='lat' dir='ltr'><strong>in</strong></span> <span class='ocrx_word' id='word_1_98' title='bbox 2207 1269 2427 1332; x_wconf 83' lang='lat' dir='ltr'><strong>Assyriis,</strong></span> 
     </span>
     <span class='ocr_line' id='line_1_11' title="bbox 416 1354 2426 1432; baseline 0 -16"><span class='ocrx_word' id='word_1_99' title='bbox 416 1368 677 1432; x_wconf 77' lang='lat' dir='ltr'><strong>Babyloniis</strong></span> <span class='ocrx_word' id='word_1_100' title='bbox 713 1375 758 1416; x_wconf 88' lang='lat' dir='ltr'><strong>et</strong></span> <span class='ocrx_word' id='word_1_101' title='bbox 791 1369 986 1417; x_wconf 88' lang='lat' dir='ltr'><strong>Persicis</strong></span> <span class='ocrx_word' id='word_1_102' title='bbox 1020 1354 1315 1416; x_wconf 72' lang='lat' dir='ltr'><strong>monumentis</strong></span> <span class='ocrx_word' id='word_1_103' title='bbox 1350 1368 1558 1432; x_wconf 72' lang='lat' dir='ltr'><strong>lapideis,</strong></span> <span class='ocrx_word' id='word_1_104' title='bbox 1595 1367 1824 1431; x_wconf 76' lang='lat' dir='ltr'><strong>cylindris,</strong></span> <span class='ocrx_word' id='word_1_105' title='bbox 1855 1368 2012 1429; x_wconf 88' lang='lat' dir='ltr'><strong>sigillis</strong></span> <span class='ocrx_word' id='word_1_106' title='bbox 2047 1369 2233 1430; x_wconf 87' lang='lat' dir='ltr'><strong>aliisque</strong></span> <span class='ocrx_word' id='word_1_107' title='bbox 2267 1368 2426 1416; x_wconf 82' lang='lat' dir='ltr'><strong>miIIIes</strong></span> 
     </span>
     <span class='ocr_line' id='line_1_12' title="bbox 412 1467 2428 1533; baseline -0.001 -16"><span class='ocrx_word' id='word_1_108' title='bbox 412 1469 666 1532; x_wconf 84' lang='lat' dir='ltr'><strong>repetitum,</strong></span> <span class='ocrx_word' id='word_1_109' title='bbox 700 1467 843 1516; x_wconf 91' lang='lat' dir='ltr'><strong>Deum</strong></span> <span class='ocrx_word' id='word_1_110' title='bbox 878 1482 1191 1528; x_wconf 89' lang='lat' dir='ltr'><strong>averruncum,</strong></span> <span class='ocrx_word' id='word_1_111' title='bbox 1227 1474 1455 1533; x_wconf 75' lang='grc' dir='ltr'>ἐπικούρων,</span> <span class='ocrx_word' id='word_1_112' title='bbox 1499 1468 1734 1530; x_wconf 81' lang='lat' dir='ltr'><strong>significat,</strong></span> <span class='ocrx_word' id='word_1_113' title='bbox 1770 1470 1886 1527; x_wconf 86' lang='lat' dir='ltr'><strong>sive,</strong></span> <span class='ocrx_word' id='word_1_114' title='bbox 1921 1470 1959 1517; x_wconf 94' lang='lat' dir='ltr'><strong>si</strong></span> <span class='ocrx_word' id='word_1_115' title='bbox 1994 1470 2153 1528; x_wconf 88' lang='lat' dir='ltr'><strong>mavis,</strong></span> <span class='ocrx_word' id='word_1_116' title='bbox 2188 1469 2428 1516; x_wconf 89' lang='lat' dir='ltr'><strong>Herculem</strong></span> 
     </span>
     <span class='ocr_line' id='line_1_13' title="bbox 413 1568 2427 1632; baseline 0 -16"><span class='ocrx_word' id='word_1_117' title='bbox 413 1570 681 1632; x_wconf 87' lang='lat' dir='ltr'><strong>Assyrium,</strong></span> <span class='ocrx_word' id='word_1_118' title='bbox 720 1584 848 1630; x_wconf 86' lang='lat' dir='ltr'><strong>quem</strong></span> <span class='ocrx_word' id='word_1_119' title='bbox 892 1570 937 1615; x_wconf 91' lang='lat' dir='ltr'><strong>in</strong></span> <span class='ocrx_word' id='word_1_120' title='bbox 971 1576 1119 1615; x_wconf 88' lang='lat' dir='ltr'><strong>monte</strong></span> <span class='ocrx_word' id='word_1_121' title='bbox 1152 1582 1295 1631; x_wconf 90' lang='lat' dir='ltr'><strong>prope</strong></span> <span class='ocrx_word' id='word_1_122' title='bbox 1329 1568 1488 1615; x_wconf 93' lang='lat' dir='ltr'><strong>Ninum</strong></span> <span class='ocrx_word' id='word_1_123' title='bbox 1523 1570 1632 1628; x_wconf 88' lang='lat' dir='ltr'><strong>sito,</strong></span> <span class='ocrx_word' id='word_1_124' title='bbox 1679 1570 1749 1614; x_wconf 90' lang='lat' dir='ltr'><strong>cui</strong></span> <span class='ocrx_word' id='word_1_125' title='bbox 1783 1584 1947 1615; x_wconf 91' lang='lat' dir='ltr'><strong>nomen</strong></span> <span class='ocrx_word' id='word_1_126' title='bbox 1979 1568 2241 1628; x_wconf 86' lang='lat' dir='ltr'><strong>Sambulos,</strong></span> <span class='ocrx_word' id='word_1_127' title='bbox 2285 1584 2427 1632; x_wconf 85' lang='lat' dir='ltr'><strong>prae-</strong></span> 
     </span>
     <span class='ocr_line' id='line_1_14' title="bbox 417 1669 2427 1734; baseline 0 -17"><span class='ocrx_word' id='word_1_128' title='bbox 417 1672 548 1734; x_wconf 90' lang='lat' dir='ltr'><strong>cipua</strong></span> <span class='ocrx_word' id='word_1_129' title='bbox 582 1671 805 1731; x_wconf 88' lang='lat' dir='ltr'><strong>religione</strong></span> <span class='ocrx_word' id='word_1_130' title='bbox 840 1669 1003 1716; x_wconf 89' lang='lat' dir='ltr'><strong>cultum</strong></span> <span class='ocrx_word' id='word_1_131' title='bbox 1038 1684 1143 1716; x_wconf 90' lang='lat' dir='ltr'><strong>esse</strong></span> <span class='ocrx_word' id='word_1_132' title='bbox 1174 1669 1354 1716; x_wconf 88' lang='lat' dir='ltr'><strong>Tacitus</strong></span> <span class='ocrx_word' id='word_1_133' title='bbox 1389 1669 1529 1716; x_wconf 86' lang='lat' dir='ltr'><strong>refert</strong></span> <span class='ocrx_word' id='word_1_134' title='bbox 1564 1670 1725 1716; x_wconf 90' lang='lat' dir='ltr'><strong>Annal.</strong></span> <span class='ocrx_word' id='word_1_135' title='bbox 1747 1669 1842 1716; x_wconf 85' lang='lat' dir='ltr'>XII.</span> <span class='ocrx_word' id='word_1_136' title='bbox 1874 1669 1945 1716; x_wconf 91' lang='lat'><strong>13.</strong></span> <span class='ocrx_word' id='word_1_137' title='bbox 1967 1669 2032 1728; x_wconf 78' lang='lat'><strong>⁵5)</strong></span> <span class='ocrx_word' id='word_1_138' title='bbox 2100 1670 2289 1717; x_wconf 90' lang='lat' dir='ltr'><strong>Rariora</strong></span> <span class='ocrx_word' id='word_1_139' title='bbox 2325 1677 2427 1718; x_wconf 91' lang='lat' dir='ltr'><strong>sunt</strong></span> 
     </span>
     <span class='ocr_line' id='line_1_15' title="bbox 414 1769 2423 1833; baseline -0.001 -14"><span class='ocrx_word' id='word_1_140' title='bbox 414 1777 698 1819; x_wconf 85' lang='lat' dir='ltr'><strong>monumenta</strong></span> <span class='ocrx_word' id='word_1_141' title='bbox 743 1770 983 1819; x_wconf 88' lang='lat' dir='ltr'><strong>salutarem</strong></span> <span class='ocrx_word' id='word_1_142' title='bbox 1027 1769 1135 1818; x_wconf 89' lang='lat' dir='ltr'><strong>solis</strong></span> <span class='ocrx_word' id='word_1_143' title='bbox 1180 1769 1270 1816; x_wconf 90' lang='lat' dir='ltr'><strong>vim</strong></span> <span class='ocrx_word' id='word_1_144' title='bbox 1304 1772 1715 1833; x_wconf 84' lang='lat' dir='ltr'><strong>repraesentantia,</strong></span> <span class='ocrx_word' id='word_1_145' title='bbox 1761 1770 1916 1833; x_wconf 91' lang='lat' dir='ltr'><strong>quibus</strong></span> <span class='ocrx_word' id='word_1_146' title='bbox 1960 1778 2156 1819; x_wconf 87' lang='lat' dir='ltr'><strong>nostrum</strong></span> <span class='ocrx_word' id='word_1_147' title='bbox 2200 1770 2423 1818; x_wconf 87' lang='lat' dir='ltr'><strong>adnume-</strong></span> 
     </span>
     <span class='ocr_line' id='line_1_16' title="bbox 376 1870 1716 1934; baseline -0.001 -13"><span class='ocrx_word' id='word_1_148' title='bbox 376 1931 380 1934; x_wconf 28' lang='grc'>,</span> <span class='ocrx_word' id='word_1_149' title='bbox 413 1872 599 1921; x_wconf 89' lang='lat' dir='ltr'><strong>randum</strong></span> <span class='ocrx_word' id='word_1_150' title='bbox 635 1879 730 1931; x_wconf 89' lang='lat' dir='ltr'><strong>est,</strong></span> <span class='ocrx_word' id='word_1_151' title='bbox 765 1886 891 1920; x_wconf 90' lang='lat' dir='ltr'><strong>suem</strong></span> <span class='ocrx_word' id='word_1_152' title='bbox 926 1886 952 1918; x_wconf 87' lang='lat' dir='ltr'><strong>a</strong></span> <span class='ocrx_word' id='word_1_153' title='bbox 986 1870 1121 1919; x_wconf 88' lang='lat' dir='ltr'><strong>leone</strong></span> <span class='ocrx_word' id='word_1_154' title='bbox 1152 1886 1454 1934; x_wconf 88' lang='lat' dir='ltr'><strong>compressam</strong></span> <span class='ocrx_word' id='word_1_155' title='bbox 1485 1871 1716 1920; x_wconf 85' lang='lat' dir='ltr'><strong>exhibens.</strong></span> 
     </span>
    </p>

    <p class='ocr_par' dir='ltr' id='par_1_3' title="bbox 413 1971 2424 2139">
     <span class='ocr_line' id='line_1_17' title="bbox 580 1971 2423 2038; baseline 0 -18"><span class='ocrx_word' id='word_1_156' title='bbox 580 1974 639 2020; x_wconf 90' lang='lat' dir='ltr'><strong>Ut</strong></span> <span class='ocrx_word' id='word_1_157' title='bbox 672 1973 876 2020; x_wconf 88' lang='lat' dir='ltr'><strong>columba</strong></span> <span class='ocrx_word' id='word_1_158' title='bbox 910 1974 955 2018; x_wconf 91' lang='lat' dir='ltr'><strong>in</strong></span> <span class='ocrx_word' id='word_1_159' title='bbox 978 1971 1204 2018; x_wconf 88' lang='lat' dir='ltr'><strong>Venerem</strong></span> <span class='ocrx_word' id='word_1_160' title='bbox 1238 1987 1380 2036; x_wconf 89' lang='lat' dir='ltr'><strong>prona</strong></span> <span class='ocrx_word' id='word_1_161' title='bbox 1417 1981 1461 2020; x_wconf 88' lang='lat' dir='ltr'><strong>et</strong></span> <span class='ocrx_word' id='word_1_162' title='bbox 1485 1974 1785 2021; x_wconf 87' lang='lat' dir='ltr'><strong>foecunditate</strong></span> <span class='ocrx_word' id='word_1_163' title='bbox 1810 1975 1995 2036; x_wconf 90' lang='lat' dir='ltr'><strong>insignis</strong></span> <span class='ocrx_word' id='word_1_164' title='bbox 2020 1973 2269 2038; x_wconf 85' lang='lat' dir='ltr'><strong>Babylone,</strong></span> <span class='ocrx_word' id='word_1_165' title='bbox 2306 1987 2423 2036; x_wconf 85' lang='lat' dir='ltr'><strong>quae</strong></span> 
     </span>
     <span class='ocr_line' id='line_1_18' title="bbox 413 2070 2424 2139; baseline -0 -17"><span class='ocrx_word' id='word_1_166' title='bbox 413 2075 642 2122; x_wconf 90' lang='lat' dir='ltr'><strong>Jeremiae</strong></span> <span class='ocrx_word' id='word_1_167' title='bbox 672 2073 752 2134; x_wconf 87' lang='lat' dir='ltr'><strong>(L,</strong></span> <span class='ocrx_word' id='word_1_168' title='bbox 777 2073 878 2132; x_wconf 87' lang='grc'>16.)</span> <span class='ocrx_word' id='word_1_169' title='bbox 904 2070 1010 2120; x_wconf 90' lang='lat' dir='ltr'><strong>urbs</strong></span> <span class='ocrx_word' id='word_1_170' title='bbox 1036 2072 1267 2121; x_wconf 90' lang='lat' dir='ltr'><strong>columbae</strong></span> <span class='ocrx_word' id='word_1_171' title='bbox 1295 2080 1499 2133; x_wconf 88' lang='lat' dir='ltr'><strong>vocatur,</strong></span> <span class='ocrx_word' id='word_1_172' title='bbox 1531 2076 1576 2122; x_wconf 90' lang='lat' dir='ltr'><strong>in</strong></span> <span class='ocrx_word' id='word_1_173' title='bbox 1608 2075 1778 2139; x_wconf 86' lang='lat' dir='ltr'><strong>Cypro,</strong></span> <span class='ocrx_word' id='word_1_174' title='bbox 1814 2076 1858 2122; x_wconf 88' lang='lat' dir='ltr'><strong>in</strong></span> <span class='ocrx_word' id='word_1_175' title='bbox 1885 2074 2037 2137; x_wconf 89' lang='lat' dir='ltr'><strong>Eryce</strong></span> <span class='ocrx_word' id='word_1_176' title='bbox 2065 2074 2246 2123; x_wconf 89' lang='lat' dir='ltr'><strong>Siciliae</strong></span> <span class='ocrx_word' id='word_1_177' title='bbox 2273 2082 2424 2123; x_wconf 89' lang='lat' dir='ltr'><strong>monte</strong></span> 
     </span>
    </p>
   </div>
   <div class='ocr_carea' id='block_1_3' title="bbox 414 2172 2425 2238">
    <p class='ocr_par' dir='ltr' id='par_1_4' title="bbox 414 2172 2425 2238">
     <span class='ocr_line' id='line_1_19' title="bbox 414 2172 2425 2238; baseline -0 -16"><span class='ocrx_word' id='word_1_178' title='bbox 414 2175 603 2238; x_wconf 92' lang='lat' dir='ltr'><strong>aliisque</strong></span> <span class='ocrx_word' id='word_1_179' title='bbox 646 2176 757 2223; x_wconf 89' lang='lat' dir='ltr'><strong>locis</strong></span> <span class='ocrx_word' id='word_1_180' title='bbox 802 2173 970 2221; x_wconf 89' lang='lat' dir='ltr'><strong>Veneri</strong></span> <span class='ocrx_word' id='word_1_181' title='bbox 1016 2175 1059 2220; x_wconf 90' lang='lat' dir='ltr'><strong>in</strong></span> <span class='ocrx_word' id='word_1_182' title='bbox 1105 2172 1273 2222; x_wconf 91' lang='lat' dir='ltr'><strong>deliciis</strong></span> <span class='ocrx_word' id='word_1_183' title='bbox 1318 2174 1422 2234; x_wconf 87' lang='lat' dir='ltr'><strong>fuit,</strong></span> <span class='ocrx_word' id='word_1_184' title='bbox 1473 2177 1531 2222; x_wconf 90' lang='lat' dir='ltr'><strong>ita</strong></span> <span class='ocrx_word' id='word_1_185' title='bbox 1570 2174 1764 2222; x_wconf 76' lang='lat' dir='ltr'><strong>&#39;eandem</strong></span> <span class='ocrx_word' id='word_1_186' title='bbox 1808 2174 1864 2221; x_wconf 94' lang='lat' dir='ltr'><strong>ob</strong></span> <span class='ocrx_word' id='word_1_187' title='bbox 1912 2190 2092 2222; x_wconf 90' lang='lat' dir='ltr'><strong>causam</strong></span> <span class='ocrx_word' id='word_1_188' title='bbox 2135 2191 2212 2224; x_wconf 89' lang='lat' dir='ltr'><strong>sus</strong></span> <span class='ocrx_word' id='word_1_189' title='bbox 2261 2173 2326 2235; x_wconf 71' lang='lat'><strong>3⁸3)</strong></span> <span class='ocrx_word' id='word_1_190' title='bbox 2381 2179 2425 2222; x_wconf 90' lang='lat' dir='ltr'><strong>in</strong></span> 
     </span>
    </p>
   </div>
   <div class='ocr_carea' id='block_1_4' title="bbox 415 2314 705 2320">
    <p class='ocr_par' dir='ltr' id='par_1_5' title="bbox 415 2314 705 2320">
     <span class='ocr_line' id='line_1_20' title="bbox 415 2314 705 2320; baseline 0 0"><span class='ocrx_word' id='word_1_191' title='bbox 415 2314 705 2320; x_wconf 95' lang='lat' dir='ltr'><strong> </strong></span> 
     </span>
    </p>
   </div>
   <div class='ocr_carea' id='block_1_5' title="bbox 502 2398 2425 3136">
    <p class='ocr_par' dir='ltr' id='par_1_6' title="bbox 507 2398 2425 2525">
     <span class='ocr_line' id='line_1_21' title="bbox 507 2398 2425 2449; baseline 0 -10"><span class='ocrx_word' id='word_1_192' title='bbox 507 2398 587 2448; x_wconf 85' lang='lat'><strong>33)</strong></span> <span class='ocrx_word' id='word_1_193' title='bbox 620 2399 664 2438; x_wconf 90' lang='lat' dir='ltr'><strong>V.</strong></span> <span class='ocrx_word' id='word_1_194' title='bbox 694 2398 879 2449; x_wconf 64' lang='lat' dir='ltr'><strong>Lutum,</strong></span> <span class='ocrx_word' id='word_1_195' title='bbox 918 2398 986 2438; x_wconf 83' lang='lat' dir='ltr'><strong>the</strong></span> <span class='ocrx_word' id='word_1_196' title='bbox 1019 2403 1267 2438; x_wconf 87' lang='lat' dir='ltr'><strong>monuments</strong></span> <span class='ocrx_word' id='word_1_197' title='bbox 1303 2398 1349 2438; x_wconf 87' lang='lat' dir='ltr'><strong>of</strong></span> <span class='ocrx_word' id='word_1_198' title='bbox 1372 2399 1553 2439; x_wconf 84' lang='lat' dir='ltr'><strong>Niniveh.</strong></span> <span class='ocrx_word' id='word_1_199' title='bbox 1594 2399 1716 2440; x_wconf 91' lang='lat' dir='ltr'><strong>Lond.</strong></span> <span class='ocrx_word' id='word_1_200' title='bbox 1750 2398 1873 2441; x_wconf 82' lang='lat'><strong>1853.</strong></span> <span class='ocrx_word' id='word_1_201' title='bbox 1906 2401 1984 2440; x_wconf 90' lang='lat' dir='ltr'><strong>tab.</strong></span> <span class='ocrx_word' id='word_1_202' title='bbox 2006 2400 2046 2440; x_wconf 88' lang='lat'><strong>9.</strong></span> <span class='ocrx_word' id='word_1_203' title='bbox 2073 2399 2141 2441; x_wconf 85' lang='lat'><strong>45.</strong></span> <span class='ocrx_word' id='word_1_204' title='bbox 2170 2399 2237 2440; x_wconf 91' lang='grc'><strong>46.</strong></span> <span class='ocrx_word' id='word_1_205' title='bbox 2264 2400 2333 2441; x_wconf 85' lang='grc'><strong>48.</strong></span> <span class='ocrx_word' id='word_1_206' title='bbox 2357 2398 2425 2440; x_wconf 87' lang='grc'><strong>53.</strong></span> 
     </span>
     <span class='ocr_line' id='line_1_22' title="bbox 625 2472 2100 2525; baseline 0.001 -10"><span class='ocrx_word' id='word_1_207' title='bbox 625 2474 802 2525; x_wconf 75' lang='lat' dir='ltr'><strong>LAJARD,</strong></span> <span class='ocrx_word' id='word_1_208' title='bbox 826 2472 1084 2515; x_wconf 82' lang='lat' dir='ltr'><strong>Recherches</strong></span> <span class='ocrx_word' id='word_1_209' title='bbox 1107 2485 1178 2513; x_wconf 86' lang='lat' dir='ltr'><strong>sur</strong></span> <span class='ocrx_word' id='word_1_210' title='bbox 1198 2473 1237 2514; x_wconf 92' lang='lat' dir='ltr'><strong>le</strong></span> <span class='ocrx_word' id='word_1_211' title='bbox 1259 2474 1367 2515; x_wconf 89' lang='lat' dir='ltr'><strong>culte</strong></span> <span class='ocrx_word' id='word_1_212' title='bbox 1390 2474 1441 2514; x_wconf 89' lang='lat' dir='ltr'><strong>de</strong></span> <span class='ocrx_word' id='word_1_213' title='bbox 1463 2475 1610 2516; x_wconf 87' lang='lat' dir='ltr'><strong>Venus.</strong></span> <span class='ocrx_word' id='word_1_214' title='bbox 1642 2476 1693 2517; x_wconf 87' lang='lat' dir='ltr'><strong>Pl.</strong></span> <span class='ocrx_word' id='word_1_215' title='bbox 1715 2476 1798 2525; x_wconf 82' lang='lat' dir='ltr'><strong>Vll,</strong></span> <span class='ocrx_word' id='word_1_216' title='bbox 1828 2475 1951 2516; x_wconf 85' lang='lat'><strong>1-4.</strong></span> <span class='ocrx_word' id='word_1_217' title='bbox 1982 2476 2100 2517; x_wconf 88' lang='lat' dir='ltr'>XVII.</span> 
     </span>
    </p>

    <p class='ocr_par' dir='ltr' id='par_1_7' title="bbox 505 2549 2421 2680">
     <span class='ocr_line' id='line_1_23' title="bbox 505 2549 2421 2604; baseline 0.001 -13"><span class='ocrx_word' id='word_1_218' title='bbox 505 2550 586 2600; x_wconf 86' lang='lat'><strong>34)</strong></span> <span class='ocrx_word' id='word_1_219' title='bbox 619 2550 664 2591; x_wconf 85' lang='lat' dir='ltr'><strong>V.</strong></span> <span class='ocrx_word' id='word_1_220' title='bbox 694 2550 866 2591; x_wconf 86' lang='lat' dir='ltr'><strong>tabulam</strong></span> <span class='ocrx_word' id='word_1_221' title='bbox 898 2549 1056 2590; x_wconf 82' lang='lat' dir='ltr'><strong>fictilem</strong></span> <span class='ocrx_word' id='word_1_222' title='bbox 1088 2549 1254 2602; x_wconf 86' lang='lat' dir='ltr'><strong>Neapoli</strong></span> <span class='ocrx_word' id='word_1_223' title='bbox 1286 2556 1489 2603; x_wconf 86' lang='lat' dir='ltr'><strong>repertam</strong></span> <span class='ocrx_word' id='word_1_224' title='bbox 1521 2551 1627 2604; x_wconf 89' lang='lat' dir='ltr'><strong>apud</strong></span> <span class='ocrx_word' id='word_1_225' title='bbox 1659 2550 1782 2593; x_wconf 67' lang='lat' dir='ltr'><strong>Gemi.</strong></span> <span class='ocrx_word' id='word_1_226' title='bbox 1813 2552 1919 2592; x_wconf 89' lang='lat' dir='ltr'><strong>Mon.</strong></span> <span class='ocrx_word' id='word_1_227' title='bbox 1951 2552 2059 2593; x_wconf 92' lang='lat' dir='ltr'><strong>Ined.</strong></span> <span class='ocrx_word' id='word_1_228' title='bbox 2091 2552 2184 2592; x_wconf 85' lang='lat' dir='ltr'><strong>Tab.</strong></span> <span class='ocrx_word' id='word_1_229' title='bbox 2217 2551 2421 2592; x_wconf 87' lang='lat' dir='ltr'>LXXVIII.</span> 
     </span>
     <span class='ocr_line' id='line_1_24' title="bbox 620 2625 2191 2680; baseline 0.002 -14"><span class='ocrx_word' id='word_1_230' title='bbox 620 2627 680 2667; x_wconf 90' lang='lat' dir='ltr'><strong>De</strong></span> <span class='ocrx_word' id='word_1_231' title='bbox 703 2638 847 2680; x_wconf 88' lang='lat' dir='ltr'><strong>magno</strong></span> <span class='ocrx_word' id='word_1_232' title='bbox 870 2627 1035 2667; x_wconf 87' lang='lat' dir='ltr'><strong>aliorum</strong></span> <span class='ocrx_word' id='word_1_233' title='bbox 1058 2625 1238 2679; x_wconf 78' lang='lat' dir='ltr'><strong>eJusdem</strong></span> <span class='ocrx_word' id='word_1_234' title='bbox 1259 2627 1425 2680; x_wconf 87' lang='lat' dir='ltr'><strong>generis</strong></span> <span class='ocrx_word' id='word_1_235' title='bbox 1448 2633 1791 2669; x_wconf 87' lang='lat' dir='ltr'><strong>monumentorum</strong></span> <span class='ocrx_word' id='word_1_236' title='bbox 1813 2641 1981 2669; x_wconf 89' lang='lat' dir='ltr'><strong>numero</strong></span> <span class='ocrx_word' id='word_1_237' title='bbox 2004 2635 2191 2669; x_wconf 82' lang='lat' dir='ltr'><strong>tacemus.</strong></span> 
     </span>
    </p>

    <p class='ocr_par' dir='ltr' id='par_1_8' title="bbox 507 2701 2421 2896">
     <span class='ocr_line' id='line_1_25' title="bbox 507 2701 2421 2760; baseline 0.002 -16"><span class='ocrx_word' id='word_1_238' title='bbox 507 2701 588 2751; x_wconf 81' lang='lat'><strong>35)</strong></span> <span class='ocrx_word' id='word_1_239' title='bbox 619 2702 665 2743; x_wconf 88' lang='lat' dir='ltr'><strong>V.</strong></span> <span class='ocrx_word' id='word_1_240' title='bbox 688 2703 733 2743; x_wconf 88' lang='lat' dir='ltr'><strong>R.</strong></span> <span class='ocrx_word' id='word_1_241' title='bbox 755 2702 987 2752; x_wconf 72' lang='lat' dir='ltr'><strong>Rocussrrss,</strong></span> <span class='ocrx_word' id='word_1_242' title='bbox 1021 2701 1193 2742; x_wconf 84' lang='lat' dir='ltr'><strong>Hercule</strong></span> <span class='ocrx_word' id='word_1_243' title='bbox 1221 2701 1419 2756; x_wconf 83' lang='lat' dir='ltr'><strong>Assyrien</strong></span> <span class='ocrx_word' id='word_1_244' title='bbox 1450 2709 1489 2743; x_wconf 92' lang='lat' dir='ltr'><strong>et</strong></span> <span class='ocrx_word' id='word_1_245' title='bbox 1514 2703 1749 2756; x_wconf 70' lang='lat' dir='ltr'><strong>Phenicien,</strong></span> <span class='ocrx_word' id='word_1_246' title='bbox 1782 2706 1996 2746; x_wconf 67' lang='lat' dir='ltr'><strong>consider(¹</strong></span> <span class='ocrx_word' id='word_1_247' title='bbox 2027 2706 2124 2746; x_wconf 89' lang='lat' dir='ltr'><strong>dans</strong></span> <span class='ocrx_word' id='word_1_248' title='bbox 2146 2718 2213 2747; x_wconf 85' lang='lat' dir='ltr'><strong>ses</strong></span> <span class='ocrx_word' id='word_1_249' title='bbox 2235 2712 2421 2760; x_wconf 85' lang='lat' dir='ltr'><strong>rapports</strong></span> 
     </span>
     <span class='ocr_line' id='line_1_26' title="bbox 623 2778 2421 2836; baseline 0.001 -16"><span class='ocrx_word' id='word_1_250' title='bbox 623 2792 725 2821; x_wconf 89' lang='lat' dir='ltr'><strong>avec</strong></span> <span class='ocrx_word' id='word_1_251' title='bbox 757 2778 959 2820; x_wconf 82' lang='lat' dir='ltr'><strong>I&#39;Hercule</strong></span> <span class='ocrx_word' id='word_1_252' title='bbox 991 2791 1111 2833; x_wconf 83' lang='lat' dir='ltr'><strong>grec,</strong></span> <span class='ocrx_word' id='word_1_253' title='bbox 1143 2778 1475 2832; x_wconf 86' lang='lat' dir='ltr'><strong>principalcment</strong></span> <span class='ocrx_word' id='word_1_254' title='bbox 1505 2781 1527 2819; x_wconf 76' lang='lat' dir='ltr'><strong>a</strong></span> <span class='ocrx_word' id='word_1_255' title='bbox 1560 2779 1679 2821; x_wconf 85' lang='lat' dir='ltr'><strong>I&#39;aide</strong></span> <span class='ocrx_word' id='word_1_256' title='bbox 1710 2782 1782 2821; x_wconf 85' lang='lat' dir='ltr'><strong>des</strong></span> <span class='ocrx_word' id='word_1_257' title='bbox 1814 2788 2061 2823; x_wconf 85' lang='lat' dir='ltr'><strong>monuments</strong></span> <span class='ocrx_word' id='word_1_258' title='bbox 2094 2783 2259 2836; x_wconf 67' lang='lat' dir='ltr'><strong>figures.</strong></span> <span class='ocrx_word' id='word_1_259' title='bbox 2309 2783 2421 2822; x_wconf 86' lang='lat' dir='ltr'><strong>Paris</strong></span> 
     </span>
     <span class='ocr_line' id='line_1_27' title="bbox 625 2853 749 2896; baseline 0.008 -1"><span class='ocrx_word' id='word_1_260' title='bbox 625 2853 749 2896; x_wconf 86' lang='grc'>1848.</span> 
     </span>
    </p>

    <p class='ocr_par' dir='ltr' id='par_1_9' title="bbox 502 2929 2421 3136">
     <span class='ocr_line' id='line_1_28' title="bbox 502 2929 2419 2984; baseline 0.001 -12"><span class='ocrx_word' id='word_1_261' title='bbox 502 2931 583 2980; x_wconf 87' lang='grc'><strong>36)</strong></span> <span class='ocrx_word' id='word_1_262' title='bbox 617 2931 740 2972; x_wconf 90' lang='lat' dir='ltr'><strong>CIem.</strong></span> <span class='ocrx_word' id='word_1_263' title='bbox 756 2931 873 2972; x_wconf 86' lang='lat' dir='ltr'><strong>Alex.</strong></span> <span class='ocrx_word' id='word_1_264' title='bbox 889 2930 1058 2984; x_wconf 84' lang='lat' dir='ltr'><strong>Paedag.</strong></span> <span class='ocrx_word' id='word_1_265' title='bbox 1073 2929 1111 2970; x_wconf 91' lang='lat'><strong>3.</strong></span> <span class='ocrx_word' id='word_1_266' title='bbox 1133 2930 1342 2971; x_wconf 85' lang='lat' dir='ltr'><strong>Mosaicam</strong></span> <span class='ocrx_word' id='word_1_267' title='bbox 1366 2930 1498 2984; x_wconf 86' lang='lat' dir='ltr'><strong>legem</strong></span> <span class='ocrx_word' id='word_1_268' title='bbox 1520 2944 1623 2984; x_wconf 83' lang='lat' dir='ltr'><strong>quae</strong></span> <span class='ocrx_word' id='word_1_269' title='bbox 1639 2932 1810 2973; x_wconf 88' lang='lat' dir='ltr'><strong>Judaeos</strong></span> <span class='ocrx_word' id='word_1_270' title='bbox 1833 2945 1955 2972; x_wconf 83' lang='lat' dir='ltr'><strong>carne</strong></span> <span class='ocrx_word' id='word_1_271' title='bbox 1976 2934 2089 2973; x_wconf 87' lang='lat' dir='ltr'><strong>suina</strong></span> <span class='ocrx_word' id='word_1_272' title='bbox 2112 2934 2224 2974; x_wconf 83' lang='lat' dir='ltr'><strong>vesci</strong></span> <span class='ocrx_word' id='word_1_273' title='bbox 2248 2940 2419 2983; x_wconf 82' lang='lat' dir='ltr'><strong>vetaret,</strong></span> 
     </span>
     <span class='ocr_line' id='line_1_29' title="bbox 622 3000 2421 3065; baseline 0.001 -17"><span class='ocrx_word' id='word_1_274' title='bbox 622 3008 750 3048; x_wconf 88' lang='lat' dir='ltr'><strong>datam</strong></span> <span class='ocrx_word' id='word_1_275' title='bbox 783 3013 925 3047; x_wconf 87' lang='lat' dir='ltr'><strong>censet</strong></span> <span class='ocrx_word' id='word_1_276' title='bbox 952 3000 1018 3047; x_wconf 68' lang='grc' dir='ltr'><strong>διαὶ</strong></span> <span class='ocrx_word' id='word_1_277' title='bbox 1046 3007 1093 3048; x_wconf 78' lang='grc' dir='ltr'><strong>τὸ</strong></span> <span class='ocrx_word' id='word_1_278' title='bbox 1122 3006 1345 3065; x_wconf 68' lang='grc' dir='ltr'><strong>κατωφερὲς</strong></span> <span class='ocrx_word' id='word_1_279' title='bbox 1376 3011 1427 3055; x_wconf 82' lang='grc' dir='ltr'><strong>εἰς</strong></span> <span class='ocrx_word' id='word_1_280' title='bbox 1455 3010 1657 3049; x_wconf 65' lang='grc' dir='ltr'>συνουσίαν</span> <span class='ocrx_word' id='word_1_281' title='bbox 1689 3007 1785 3049; x_wconf 67' lang='grc' dir='ltr'>εἶναι</span> <span class='ocrx_word' id='word_1_282' title='bbox 1813 3008 1859 3048; x_wconf 78' lang='grc' dir='ltr'><strong>τὸ</strong></span> <span class='ocrx_word' id='word_1_283' title='bbox 1888 3003 1999 3061; x_wconf 78' lang='grc' dir='ltr'>ζῷον.</span> <span class='ocrx_word' id='word_1_284' title='bbox 2053 3008 2134 3050; x_wconf 86' lang='lat' dir='ltr'><strong>Cfr.</strong></span> <span class='ocrx_word' id='word_1_285' title='bbox 2171 3010 2265 3050; x_wconf 86' lang='lat' dir='ltr'><strong>Plin.</strong></span> <span class='ocrx_word' id='word_1_286' title='bbox 2297 3010 2340 3050; x_wconf 85' lang='lat' dir='ltr'><strong>ll.</strong></span> <span class='ocrx_word' id='word_1_287' title='bbox 2374 3010 2421 3050; x_wconf 74' lang='lat' dir='ltr'><strong>N.</strong></span> 
     </span>
     <span class='ocr_line' id='line_1_30' title="bbox 623 3065 2421 3136; baseline 0.002 -13"><span class='ocrx_word' id='word_1_288' title='bbox 623 3084 670 3132; x_wconf 89' lang='lat' dir='ltr'><strong>X,</strong></span> <span class='ocrx_word' id='word_1_289' title='bbox 700 3083 788 3123; x_wconf 83' lang='lat'><strong>63.:</strong></span> <span class='ocrx_word' id='word_1_290' title='bbox 821 3096 914 3123; x_wconf 86' lang='lat' dir='ltr'><strong>sues</strong></span> <span class='ocrx_word' id='word_1_291' title='bbox 936 3089 1082 3123; x_wconf 84' lang='lat' dir='ltr'><strong>tantum</strong></span> <span class='ocrx_word' id='word_1_292' title='bbox 1112 3085 1219 3123; x_wconf 83' lang='lat' dir='ltr'><strong>coitu</strong></span> <span class='ocrx_word' id='word_1_293' title='bbox 1240 3096 1413 3136; x_wconf 84' lang='lat' dir='ltr'><strong>spumam</strong></span> <span class='ocrx_word' id='word_1_294' title='bbox 1438 3083 1626 3123; x_wconf 77' lang='lat' dir='ltr'><strong>fundere:</strong></span> <span class='ocrx_word' id='word_1_295' title='bbox 1657 3096 1815 3124; x_wconf 77' lang='lat' dir='ltr'><strong>verrem</strong></span> <span class='ocrx_word' id='word_1_296' title='bbox 1839 3084 2018 3124; x_wconf 84' lang='lat' dir='ltr'><strong>subantis</strong></span> <span class='ocrx_word' id='word_1_297' title='bbox 2042 3065 2142 3126; x_wconf 79' lang='lat' dir='ltr'><strong>voce</strong></span> <span class='ocrx_word' id='word_1_298' title='bbox 2165 3085 2320 3135; x_wconf 87' lang='lat' dir='ltr'><strong>audita,</strong></span> <span class='ocrx_word' id='word_1_299' title='bbox 2345 3086 2421 3126; x_wconf 87' lang='lat' dir='ltr'><strong>nisi</strong></span> 
     </span>
    </p>
   </div>
  </div>
 </body>
</html>
