2925 3533
1350 262 1645 310 „g-

473 398 684 463 cylindro
708 399 857 448 Musei
877 398 1120 447 Britannici
1144 396 1207 456 ¹⁷)
1240 397 1368 445 deam
1393 397 1566 447 duabus
1593 397 1832 461 pharetris,
1863 411 1972 447 arcu
2007 405 2053 447 et
2086 401 2261 462 sagittis
2292 407 2505 449 armatam

474 501 582 561 tigri
616 501 896 548 insistentem
942 497 1266 560 conspicimus,
1310 503 1358 543 ut
1390 496 1740 545 Lacedaemonii
1772 499 1816 544 in
1854 497 2067 561 Cytheris
2109 500 2257 548 insula
2290 506 2504 548 armatum

471 599 672 646 Uraniae
707 595 874 655 ξόανον,
910 612 936 642 a
963 595 1262 642 Phoenicibus
1297 597 1396 642 sine
1431 594 1565 642 dubio
1600 598 1844 657 invectum,
1879 596 2115 644 coluerunt
2135 595 2220 658 1⁸),
2254 600 2314 646 ita
2348 600 2393 645 in
2425 606 2502 645 ta-

470 698 609 746 bulae
644 713 672 745 e
706 697 879 745 Nubiae
923 697 1090 759 templo
1133 698 1179 742 in
1230 710 1430 743 museum
1466 696 1769 743 Britannicum
1814 697 2057 744 translatae
2107 705 2236 760 parte
2287 698 2504 745 inferiore

473 797 605 846 deam
641 796 876 845 sedentem
910 796 1134 855 videmus,
1172 795 1333 843 dextra
1368 794 1564 853 hastam,
1600 798 1780 844 sinistra
1815 799 2009 844 securim
2044 804 2270 846 tenentem
2295 796 2388 858 ¹⁹),
2432 799 2503 845 cui

471 914 638 947 nomen
669 898 792 946 Anta
823 896 1095 961 adscriptum
1131 911 1238 945 esse
1267 902 1455 944 testatur
1488 895 1604 944 Eun.
1638 912 1697 944 nn
1727 895 1887 963 Romu
1907 896 1988 957 20).
2112 968 2119 970 ὴ

638 999 761 1046 Idem
796 996 1022 1045 Sesostris
1057 997 1213 1058 Magni
1253 996 1412 1055 filiam,
1464 1011 1595 1058 quam
1629 997 1779 1044 titulus
1814 996 2038 1060 magnifici
2072 995 2300 1045 Nubarum
2335 1013 2501 1046 monu-

470 1100 626 1158 menti,
660 1100 706 1146 in
732 1099 836 1146 loco
860 1095 1114 1160 Ipsamboul
1136 1097 1223 1155 siti,
1250 1095 1531 1143 Baita-Anta
1557 1096 1768 1160 appellat,
1803 1095 1859 1144 ab
1884 1095 2097 1145 Anaitide
2125 1111 2289 1145 nomen
2313 1096 2503 1146 duxisse

471 1205 646 1246 censet.
715 1196 886 1254 Quibus
921 1197 959 1243 si
994 1194 1133 1242 addas
1176 1197 1308 1242 etiam
1353 1198 1549 1258 supremi
1590 1197 1884 1259 Assyriorum
1921 1196 2032 1256 Dei,
2076 1197 2213 1257 Baal,
2257 1211 2422 1244 nomen
2455 1198 2501 1243 in

468 1296 674 1360 Aegypti
718 1295 1013 1344 monumentis
1056 1293 1221 1342 lectum
1245 1291 1341 1354 ²¹),
1385 1307 1478 1342 non
1521 1291 1767 1356 dubitabis,
1811 1293 1879 1344 his
1914 1295 2138 1360 Assyriae
2180 1296 2289 1344 artis
2331 1308 2500 1344 monu-

464 1399 627 1445 mentis
670 1398 716 1444 in
760 1395 979 1457 Aegypto
1025 1395 1220 1458 repertis
1264 1391 1499 1441 turibulum
1547 1402 1749 1443 nostrum
1793 1393 2044 1457 adjungere
2099 1396 2323 1458 quantivis
2366 1396 2498 1459 pretii

467 1497 750 1557 habendum,
798 1496 918 1559 quod
950 1497 995 1543 in
1024 1494 1172 1543 tabula
1209 1495 1384 1556 adjecta
1418 1509 1496 1555 ea,
1541 1510 1656 1558 quae
1691 1503 1762 1544 est
1794 1497 2066 1543 monumenti
2100 1498 2267 1560 ipsius,
2312 1498 2496 1559 magni-

464 1598 619 1647 tudine
653 1596 967 1646 delineandum
993 1597 1263 1645 curavimus,
1328 1595 1525 1644 Imitatur
1551 1611 1660 1645 arae
1684 1596 1889 1657 formam,
1908 1595 2099 1661 pedihus
2125 1598 2318 1648 leoninis
2342 1600 2500 1660 nixae,

465 1701 626 1762 quales
657 1699 768 1748 duas
800 1699 1025 1746 trilateras
1052 1714 1079 1744 e
1105 1698 1223 1745 colle
1243 1696 1509 1745 Khorsabad
1532 1697 1770 1761 Layardus
1798 1697 1950 1745 effodit
1969 1697 2063 1758 ²²);
2099 1699 2316 1762 singulari
2347 1706 2497 1747 autem

464 1806 564 1848 arte
594 1801 654 1848 ita
687 1800 980 1863 compositum
1007 1805 1093 1859 est,
1119 1805 1166 1846 ut
1191 1798 1354 1846 lamina
1379 1799 1603 1862 superior,
1633 1798 1834 1862 operculi
1859 1799 2008 1846 locum
2031 1805 2210 1860 tenens,
2240 1813 2379 1864 super
2409 1814 2498 1863 qua

458 1899 537 1948 leo
571 1913 698 1947 suem
736 1899 1038 1963 comprimens
1074 1898 1130 1946 ab
1164 1904 1356 1961 utroque
1390 1898 1535 1946 latere
1561 1897 1724 1947 felibus
1752 1897 2007 1960 jacentibus
2035 1899 2235 1949 caelatus
2260 1906 2346 1960 est,
2378 1913 2497 1963 pro-

460 2007 604 2048 tracta
648 1997 917 2048 carbonibus
963 2005 1009 2045 et
1050 1998 1136 2046 turi
1178 1997 1429 2059 injiciendis
1473 2000 1761 2047 occasionem
1806 1998 1894 2046 det.
1964 1997 2131 2047 Cetera
2175 2001 2236 2047 ita
2278 1998 2497 2048 adornata

461 2101 606 2150 fuisse
641 2100 877 2159 videntur,
921 2107 969 2148 ut
999 2115 1025 2147 a
1059 2099 1280 2147 foramine
1316 2099 1373 2146 ad
1402 2100 1481 2147 litt.
1516 2114 1554 2146 c.
1589 2100 1835 2163 conspicuo
1879 2100 2040 2148 catella
2073 2100 2321 2164 penderet,
2365 2102 2494 2162 cujus

462 2203 508 2250 in
542 2201 631 2249 fine
660 2201 801 2263 ligula
836 2200 893 2247 ad
920 2200 998 2248 litt.
1024 2200 1065 2248 d.
1092 2202 1262 2248 inserta
1298 2200 1559 2264 operculum
1593 2201 1653 2248 ita
1689 2201 1954 2261 contineret,
1982 2208 2030 2248 ut
2063 2200 2298 2250 turibulum
2334 2208 2494 2249 catena

463 2303 582 2348 inter
615 2301 693 2348 litt.
723 2316 750 2347 e
787 2308 831 2347 et
869 2299 892 2346 f
922 2315 1124 2363 expansa
1160 2298 1381 2347 vibratum
1420 2298 1585 2346 fumum
1618 2314 1702 2362 per
1736 2314 1789 2348 os
1824 2306 1870 2348 et
1904 2315 2038 2349 aures
2081 2298 2324 2350 bestiarum
2359 2302 2495 2349 emit—

556 2473 634 2525 17)
666 2474 770 2516 Vide
791 2474 971 2526 LAJARD,
992 2474 1255 2516 Recherches
1277 2487 1348 2516 sur
1369 2475 1408 2516 le
1429 2475 1537 2515 culte
1559 2474 1611 2516 de
1633 2474 1771 2517 Venus
1793 2476 1844 2531 pl.
1863 2475 1926 2517 lv.
1952 2475 2018 2518 12.
2059 2476 2103 2518 R.
2125 2476 2353 2528 flocum-rs,
2376 2475 2495 2517 Herc.

671 2552 872 2605 Assyrien
895 2551 949 2605 pl.
972 2551 1035 2592 lv.
1061 2551 1125 2592 16.
1169 2550 1364 2592 GennAnn
1386 2552 1410 2593 1.
1432 2552 1456 2592 Ι.
1478 2552 1555 2594 tab.
1576 2552 1706 2594 LXIII.
1727 2552 1767 2594 4.

557 2626 635 2676 18)
666 2627 778 2669 Paus.
800 2627 864 2678 111,
887 2625 958 2678 23,
984 2626 1020 2668 1.
1040 2627 1089 2669 τὸ
1111 2620 1155 2669 δὲ
1178 2627 1277 2684 ἱερὸν
1298 2633 1370 2675 τῆς
1390 2625 1593 2684 Οὐρανίας
1618 2628 1845 2686 ἁγιώτατον
1872 2629 1940 2670 καὶ
1971 2631 2082 2686 ἱερῶν
2103 2628 2230 2671 ὁπόσα
2257 2620 2495 2686 Ἀφροδίτης

668 2699 767 2761 παρ’
790 2699 987 2749 ‘'Enna-(v
1009 2702 1115 2744 ἐστιν
1136 2700 1415 2760 ἀρχαιότατον.
1437 2701 1541 2748 αὐτὴ
1564 2696 1608 2744 δὲ
1629 2705 1655 2751 ἠ
1677 2701 1763 2752 θεὸς
1783 2697 1925 2751 ξόανον
1946 2702 2204 2761 ὡπλισμένον.

554 2779 633 2829 19)
664 2779 710 2820 V.
731 2778 912 2830 mmm,
944 2777 1207 2820 Recherches
1228 2790 1301 2819 sur
1323 2778 1361 2819 le
1384 2777 1493 2819 culte
1515 2778 1566 2820 de
1587 2778 1727 2820 Venus
1749 2778 1802 2833 pl.
1824 2778 1923 2820 XIV.
1945 2778 1985 2820 F.

548 2855 631 2905 20)
663 2855 686 2897 l.
711 2855 734 2897 Ι.
756 2866 796 2908 p.
822 2852 918 2896 179.
948 2851 1044 2895 182.

549 2929 631 2978 21)
663 2930 759 2972 Su.
781 2929 909 2971 Bincu
930 2930 1219 2972 Transactions
1241 2930 1286 2972 of
1302 2930 1370 2972 the
1392 2929 1437 2971 R.
1458 2930 1547 2972 Soc.
1570 2929 1616 2971 of
1632 2929 1754 2971 Liter.
1776 2930 1865 2972 Sec.
1888 2930 1977 2973 Ser.
2001 2930 2087 2972 vol.
2110 2929 2174 2971 111.
2196 2941 2236 2983 p.
2262 2928 2356 2970 161.

549 3003 631 3055 22)
663 3003 709 3047 V.
723 3003 812 3046 Nin.
834 3003 912 3047 and
934 3005 985 3047 its
1006 3005 1183 3048 remains
1205 3004 1249 3047 11.
1272 3017 1309 3060 p.
1330 3002 1430 3046 4⁷0.
1453 3008 1493 3046 et
1514 3008 1694 3046 nostram
1716 3004 1889 3048 tabulam
1915 3005 1943 3048 1.
1966 3016 2026 3047 nr.
2050 3004 2088 3048 3.
