2925 3533
1370 288 1694 337 ..10-

520 424 716 473 bendum
756 425 1051 486 servabatur,
1093 440 1204 488 quas
1239 428 1285 473 in
1318 428 1612 475 monumentis
1644 426 1857 475 Romanis
1901 440 1992 474 non
2038 442 2143 476 raro
2183 430 2229 476 in
2272 431 2545 478 camillorum

522 526 725 576 manibus
760 526 987 586 videmus3
1022 526 1104 576 sed
1143 527 1377 576 turibulum
1418 535 1618 576 nostrum
1655 529 1831 576 unicum
1864 526 2009 576 Musei
2041 527 2374 580 Caroliruensis
2406 533 2545 590 κειμή-

522 631 607 670 λιον
643 628 871 692 appellare
904 643 993 676 non
1029 627 1290 676 dubitamus.

690 731 822 778 Turis
842 729 908 789 24)
944 745 1051 777 usus
1084 732 1129 776 in
1163 730 1391 779 sacrificiis
1417 733 1608 778 omnium
1636 733 1913 795 antiquorum
1948 732 2214 797 populorum
2248 734 2543 795 pervulgatus

522 831 603 878 fuit
637 838 682 878 et
715 829 949 894 Babylone
986 831 1186 879 audimus
1221 838 1307 879 tam
1342 831 1570 895 profusam
1607 834 1705 894 ejus
1742 834 2091 881 consumtionem
2124 831 2294 891 fuisse,
2328 839 2375 880 ut
2405 840 2543 894 quot-

525 932 652 980 annis
697 946 845 980 annuo
881 932 979 980 Beli
1030 932 1147 981 festo
1190 933 1366 980 millena
1411 934 1576 985 talenta
1623 936 1730 982 turis
1779 941 2084 982 cremarentur
2104 933 2196 994 25);
2238 932 2401 980 ibidem
2442 940 2544 979 ante

522 1048 685 1081 aureas
720 1033 852 1081 Jovis
886 1033 1075 1082 Junonis
1112 1043 1156 1082 et
1189 1035 1344 1082 Rheae
1375 1042 1543 1083 statuas
1588 1035 1674 1082 duo
1709 1042 1839 1082 vasta
1877 1034 2065 1082 turibula
2100 1049 2263 1094 aurea,
2306 1042 2541 1082 trecente-

522 1150 682 1183 norum
711 1135 976 1183 talentorum
1004 1136 1179 1199 pondus
1211 1137 1432 1196 habentia,
1462 1138 1643 1185 stetisse
1680 1144 1830 1185 narrat
1850 1137 2074 1186 Diodorus
2107 1137 2197 1185 Sic.
2219 1135 2358 1197 lt,9.;
2394 1136 2543 1184 Euel-

522 1236 646 1297 thon,
670 1237 906 1286 Salaminis
935 1238 1133 1301 Cypriae
1165 1245 1398 1301 tyrannus,
1423 1239 1608 1302 Delphis
1636 1241 1678 1286 in
1708 1237 2035 1286 Corinthiorum
2061 1237 2272 1286 thesauro
2307 1236 2542 1285 turibulum

611 2677 692 2726 24)

609 2907 690 2956 25)

728 1452 977 1505 Moguntiaei
994 1451 1127 1502 ssoret,
1143 1458 1484 1503 conservatorem,
1501 1453 1629 1493 virum
1648 1453 1786 1493 harum
1806 1463 1943 1493 rerum
1963 1452 2002 1493 in
2019 1452 2156 1505 paucis
2176 1451 2360 1505 peritum,
2376 1464 2450 1505 per
2468 1451 2540 1492 lit-

730 1534 839 1568 teras
863 1528 1151 1575 consuluimus,
1172 1529 1205 1566 si
1227 1528 1320 1580 quid
1347 1529 1398 1568 de
1417 1529 1533 1581 hujus
1554 1530 1718 1581 generis
1742 1533 1972 1568 veteratore
1996 1528 2133 1567 sciret.
2168 1526 2205 1566 ls
2223 1528 2337 1566 nobis
2358 1527 2394 1566 d.
2414 1540 2468 1566 xi.
2490 1540 2540 1566 m.

729 1603 839 1658 Sept.
856 1603 893 1645 h.
907 1617 941 1645 a.
955 1604 1176 1658 respondit,
1193 1616 1286 1645 esse
1301 1604 1544 1658 Moguntiaei
1560 1603 1764 1655 artificem,
1781 1617 1834 1644 ex
1849 1604 2007 1645 ossibus
2026 1605 2131 1644 inter
2150 1604 2401 1656 antiquorum
2420 1602 2540 1643 aedi-

730 1682 910 1721 ticiorum
932 1680 1083 1722 rudera
1105 1680 1265 1722 effossis
1288 1681 1399 1722 varia
1428 1693 1555 1735 opera
1582 1680 1861 1721 conficientem
1890 1686 1931 1720 et
1958 1681 1996 1720 in
2017 1679 2055 1720 id
2078 1681 2291 1730 intentum,
2319 1685 2361 1720 ut
2382 1679 2541 1720 Britan-

731 1768 871 1797 norum
895 1757 1118 1798 curiositati
1141 1756 1359 1797 satisfaciat
1381 1762 1420 1797 et
1443 1768 1671 1797 crumenam
1694 1768 1792 1797 auro
1815 1760 1998 1797 onustam
2020 1755 2215 1797 sublevet.
2262 1755 2324 1796 Ex
2349 1755 2423 1796 hae
2445 1753 2540 1796 offi-

730 1833 816 1873 cina
845 1833 914 1872 vix
943 1832 1114 1873 dubitari
1144 1839 1275 1887 potest
1303 1833 1395 1886 quin
1426 1837 1617 1885 suspecta
1647 1833 1721 1873 ista
1748 1844 1890 1873 acerra
1914 1837 1953 1873 et
1974 1832 2049 1873 alia
2076 1832 2263 1885 supellex
2290 1843 2408 1872 ossea
2437 1842 2540 1885 pro-

729 1908 861 1959 dierit,
890 1921 942 1949 ex
965 1922 1043 1963 qua
1066 1909 1301 1950 nominanda
1324 1915 1385 1950 est
1408 1922 1510 1950 nova
1539 1915 1579 1950 et
1604 1909 1780 1950 inaudita
1806 1898 2179 1962 pectinis'species,
2202 1909 2242 1948 in
2268 1914 2384 1961 parte
2410 1920 2540 1960 supe-

728 1986 838 2025 riore
858 1985 994 2035 Jovis‚
1021 1986 1159 2026 Martis
1183 1991 1223 2026 et
1245 1986 1436 2026 Mercurii
1458 1986 1654 2040 imagines
1678 1985 1925 2036 exhibentis,
1958 1985 2090 2026 addita
2112 1984 2391 2037 inscriptione:

1528 2102 1562 2143 J.
1595 2102 1644 2142 M.
1675 2102 1759 2142 ME.

1530 2178 1575 2218 Ο.
1597 2179 1648 2218 M.
1688 2178 1732 2218 C.

729 2296 892 2349 dignum
916 2308 1040 2349 opus,
1062 2294 1164 2349 quod
1188 2285 1443 2351 septuaginta
1473 2298 1649 2350 quinque
1678 2297 1788 2337 libris
1816 2297 1993 2338 sterlinis
2016 2296 2172 2350 Anglus
2195 2295 2353 2349 quidam
2385 2308 2539 2349 repen-

729 2373 866 2413 deret!
928 2373 1098 2414 Videant
1125 2374 1248 2427 igitur
1275 2375 1371 2413 artis
1399 2374 1587 2426 antiquae
1614 2379 1836 2425 amatores,
1866 2374 1932 2427 qui
1960 2373 2179 2414 novissimo
2206 2378 2391 2427 tempore
2419 2384 2538 2413 ossea

728 2450 981 2502 supellectile
1010 2463 1147 2490 musea
1177 2462 1246 2490 sua
1275 2455 1541 2499 ornaverunt,
1575 2463 1625 2489 ne
1654 2450 1850 2490 carbones
1879 2462 1953 2503 pro
1981 2450 2170 2490 thesauro
2200 2450 2383 2489 emerint.
2445 2448 2536 2495 Quo

727 2526 921 2575 tectores,
940 2537 1033 2566 raro
1046 2525 1370 2567 MoNrnrALcouu
1389 2525 1492 2566 libro
1512 2531 1714 2576 carentes,
1733 2538 1808 2567 suo
1819 2526 1973 2579 judicio
1994 2526 2052 2567 uti
2070 2530 2247 2578 possent,
2269 2524 2538 2578 anaglyphum

729 2602 826 2644 illud
851 2601 1071 2643 Romanum
1095 2602 1133 2642 in
1156 2601 1232 2642 tab.
1254 2600 1299 2641 lt.
1326 2600 1607 2642 delineandum
1630 2603 1869 2643 curavimus.

725 2678 838 2725 Quae
870 2678 918 2718 ad
951 2679 1118 2731 patriam
1148 2679 1363 2731 variasque
1395 2690 1472 2730 per
1503 2684 1764 2719 mercaturam
1795 2679 1907 2719 vices
1939 2678 2038 2718 turis
2069 2680 2296 2732 pertinent,
2327 2689 2374 2718 ea
2404 2678 2535 2718 omnia

729 2754 772 2795 C.
794 2755 993 2796 Rir'rnnus
1022 2755 1060 2795 in
1090 2754 1337 2808 geographia
1360 2754 1538 2796 Arabiae
1566 2754 1806 2803 (Erdkunde
1835 2755 1874 2794 P.
1897 2755 1979 2794 ΧΠ.
2009 2767 2044 2808 p.
2067 2754 2336 2803 356—372)
2358 2755 2409 2795 ita
2432 2765 2537 2794 con-

727 2833 876 2886 gessit,
899 2837 943 2873 ut
964 2831 1060 2873 nihil
1084 2831 1295 2884 reliquerit
1318 2832 1516 2873 intactum.

724 2908 871 2948 Herod.
891 2907 919 2958 1,
943 2906 1039 2948 183.
1072 2908 1219 2955 Quanti
1241 2914 1303 2947 tus
1328 2910 1365 2947 in
1390 2909 1489 2948 orbe
1513 2910 1675 2960 antiquo
1698 2909 1943 2948 aestimatum
1966 2908 2029 2957 sit,
2052 2907 2201 2959 optime
2223 2907 2460 2962 intelligitur
2482 2918 2534 2944 ex

728 2997 798 3034 eo,
827 2984 935 3037 quod
965 2985 1069 3038 magi
1092 2996 1145 3024 ex
1168 2983 1335 3024 Oriente
1368 2985 1416 3024 ad
1438 2984 1684 3025 adorandum
1714 2983 1852 3024 Jesum
1876 2982 2076 3024 Christum
2106 2983 2274 3037 profecti
2307 2984 2534 3036 proximum

726 3062 775 3102 ab
798 3073 899 3102 auro
921 3061 1054 3102 locum
1077 3061 1175 3112 turi,
1199 3062 1355 3102 tertium
1378 3059 1570 3114 myrrhae
1595 3061 1875 3102 attribuerunt.
