2925 3533
1305 253 1634 301 „17-

462 404 545 440 sua
582 395 729 438 aetate
762 388 868 450 fuit,
903 391 1068 453 optime
1101 392 1257 453 paucis
1289 389 1420 439 lineis
1453 392 1512 438 ita
1544 388 1795 450 describat,
1830 391 1891 431 ὅτι
1921 381 2149 445 διαιρετικοί
2180 393 2250 431 εἰσι
2278 392 2483 448 πολλαχοῦ

460 494 543 531 τῶν
570 485 666 531 καθ’
697 488 833 531 ἕνωσιν
854 489 1119 549 ὑφεστώτων,
1152 496 1198 537 et
1230 489 1345 538 haec
1377 491 1476 554 ipsa
1508 491 1622 539 ratio
1656 504 1747 538 non
1782 487 1839 537 de
1868 487 2112 552 Aegyptiis
2146 485 2272 547 solis,
2306 486 2388 536 sed
2423 486 2481 536 de

462 593 555 634 tota
590 588 857 649 antiquitatis
898 588 1121 651 religione
1155 589 1330 650 valeat,
1372 591 1616 640 Artemidis
1661 596 1819 637 natura
1860 603 1951 636 non
1992 586 2080 635 boc
2113 601 2204 634 uno
2237 588 2482 636 ministerio

465 684 737 747 absolvitur,
782 686 865 736 sed
899 690 1213 752 antiquissimis
1255 689 1528 755 temporibus
1571 704 1705 754 quum
1737 689 1979 753 Aegyptus
2012 689 2056 735 in
2096 688 2250 748 varia,
2294 702 2481 750 quorum

464 800 573 835 suos
604 786 813 849 quodque
847 788 971 837 Deos
1001 788 1212 850 haberet,
1246 806 1392 854 regna
1427 790 1729 851 divideretur,
1769 788 1977 837 Bubastis
2012 790 2114 837 sive
2146 789 2344 837 Artemis
2378 790 2481 852 pri—

463 887 602 932 maria
647 889 928 948 cognominis
965 891 1228 951 provinciae
1269 890 1368 937 Dea
1408 890 1514 949 fuit,
1569 905 1687 953 quae
1728 889 1890 936 eodem
1936 888 2094 947 modo,
2150 903 2239 950 quo
2280 889 2482 937 Artemis

461 983 761 1048 Ephesiorum
802 995 848 1033 et
892 987 1153 1049 Magnetum
1197 989 1253 1035 ad
1294 990 1584 1038 Maeandrum
1628 997 1673 1037 et
1706 990 1849 1036 Diana
1892 989 2103 1048 Persica,
2148 991 2482 1051 generatricem

461 1091 648 1133 naturae
682 1086 772 1133 vim
806 1094 1172 1150 repraesentaret
1215 1096 1284 1150 et,
1318 1091 1499 1139 nomine
1532 1097 1699 1139 tantum
1743 1089 1950 1150 diversa,
1986 1088 2142 1136 eadem
2178 1095 2327 1149 esset,
2363 1103 2480 1152 quae

463 1184 635 1250 Mylitta
671 1186 964 1251 Assyriorum
980 1186 1063 1250 4⁹).

625 1286 689 1334 lta
744 1288 1073 1351 symplegmate
1120 1297 1276 1339 nostro
1328 1289 1473 1350 idem,
1531 1289 1649 1353 quod
1700 1291 1838 1338 variis
1892 1287 2158 1352 imaginibus
2210 1303 2481 1352 expressum

462 1388 655 1435 omnium
703 1387 896 1437 Orientis
942 1389 1210 1451 religionum
1256 1392 1382 1452 quasi
1433 1398 1631 1438 centrum
1672 1398 1743 1439 est
1790 1398 1835 1438 et
1887 1390 2051 1450 cardo,
2096 1396 2479 1453 repraesentatur,

460 1487 533 1534 vis
578 1500 807 1547 generans
854 1495 899 1535 et
943 1496 1100 1537 natura
1150 1504 1305 1538 semen
1352 1491 1575 1553 recipiens
1617 1496 1892 1553 receptoque
1943 1504 2091 1538 novos
2138 1503 2318 1552 semper
2362 1489 2480 1537 fetus

461 1600 724 1649 procreans.

627 1685 677 1733 Si
711 1688 869 1733 imitari
903 1688 1124 1736 vellemus
1159 1688 1374 1750 quosdam
1417 1688 1637 1752 intrepide
1678 1689 1735 1735 ad
1775 1690 1956 1740 ultimos⁴
1995 1692 2284 1749 conjecturae
2317 1689 2479 1737 limites

460 1783 835 1848 progredientes,
878 1785 1039 1835 felibus
1084 1786 1269 1848 adJectis
1311 1802 1549 1851 possemus
1583 1787 1757 1848 induci,
1800 1796 1848 1836 ut
1889 1786 2125 1836 turibulum
2158 1794 2358 1835 nostrum
2393 1785 2476 1834 sub

459 1885 676 1933 vicesima
714 1884 914 1933 secunda
948 1885 1259 1935 Bubastiorum
1292 1902 1452 1950 regum
1487 1887 1718 1951 dynastia,
1758 1889 1803 1935 in
1837 1904 1923 1951 qua
1969 1903 2058 1935 non
2102 1901 2246 1950 pauca
2279 1886 2475 1948 Assyria

459 1985 639 2031 nomina
668 1985 860 2032 inveniri
894 2000 1031 2051 supra
1057 1987 1125 2050 (p.
1148 1986 1205 2047 6)
1233 1986 1450 2048 vidimus,
1486 1988 1530 2034 in
1559 2002 1642 2036 usu
1669 1987 1811 2037 fuisse
1841 1995 1887 2035 et
1917 2003 1979 2035 ex
2008 1987 2136 2049 hujus
2174 1984 2296 2033 urbis
2333 1986 2473 2033 ruinis

460 2082 672 2134 effossum
706 2099 813 2134 esse
846 2091 1114 2147 statuamus3
1150 2085 1232 2136 sed
1267 2101 1365 2135 cum
1398 2088 1452 2137 iis
1481 2088 1644 2152 potius,
1675 2089 1749 2151 qui
1782 2102 1834 2137 se
1861 2086 1994 2136 multa
2022 2087 2201 2135 nescire
2234 2084 2473 2146 fateantur,

459 2199 589 2246 quam
622 2186 702 2245 iis,
738 2188 812 2247 qui
845 2201 898 2235 se
931 2189 1078 2235 omnia
1113 2188 1232 2236 scire
1266 2194 1517 2247 autument,
1551 2188 1874 2247 adsentiamur,
1909 2188 2024 2235 hanc
2058 2187 2362 2248 quaestionem
2397 2186 2474 2232 in-

458 2289 618 2332 tactam
651 2284 940 2347 relinquimus
977 2293 1022 2334 et
1054 2302 1201 2350 pauca
1241 2287 1298 2334 de
1337 2286 1547 2348 canibus,
1588 2289 1634 2335 in
1670 2287 1867 2335 adverso
1901 2285 2078 2334 turibuli
2117 2286 2259 2334 latere
2298 2282 2472 2331 effictos

458 2383 702 2446 adjicimus.

623 2483 709 2542 Qui
742 2499 899 2532 canem
933 2492 980 2532 et
1012 2485 1191 2533 leonem
1220 2487 1265 2533 in
1295 2495 1605 2547 monumento,
1639 2485 1917 2551 Babyloniae
1952 2493 2027 2533 aut
2059 2485 2304 2546 Assyriae,
2339 2485 2474 2532 terris

457 2583 733 2646 astrologiae
759 2584 905 2634 studio
933 2585 1231 2645 deditissimis,
1254 2585 1549 2646 adJudicando
1580 2588 1886 2650 conspexerit,
1912 2600 2001 2635 non
2027 2591 2176 2648 potest
2196 2597 2287 2631 non
2309 2584 2474 2631 memi-

456 2685 584 2733 nisse
615 2684 788 2733 Horatii
820 2684 905 2749 Ep.
933 2684 965 2733 1.
996 2685 1075 2746 10,
1106 2685 1167 2733 15
1189 2700 1307 2748 sqq:

544 2919 627 2969 49)
658 2920 762 2962 Vide
790 2920 999 2974 Canuzsn,
1031 2906 1206 2976 Symbol.
1232 2921 1260 2962 1.
1289 2935 1326 2976 p.
1349 2919 1434 2963 233
1464 2927 1505 2963 et
1532 2927 1709 2964 nostram
1737 2921 1937 2962 dissertat.
1968 2919 2018 2960 de
2040 2919 2204 2960 Nemesi
2225 2918 2475 2961 Graecorum

661 3009 700 3051 p.
722 2994 748 3037 7
769 3009 855 3051 sqq.

2093 3088 2125 3136 3
