2925 3533
1285 306 1610 353 -ῃ-ω

443 443 546 490 visu
588 442 768 504 dignum
813 442 1035 491 dedicavit
1057 443 1150 504 ²033
1202 447 1247 493 in
1279 460 1443 509 pompa
1489 445 1763 507 Dionysiaca
1802 457 1827 488 a
1864 441 2125 488 Ptolemaeo
2168 439 2455 503 Philadelpho

441 544 754 602 Alexandriae
787 546 981 593 instituta
1015 545 1244 594 Victoriae
1285 549 1436 596 aureis
1475 547 1555 594 alis
1593 551 1778 592 ornatae
1814 542 2001 590 turibula
2037 557 2126 590 sex
2161 541 2331 589 cubitos
2367 542 2455 589 alta

443 645 638 693 tulerunt
671 644 772 706 27);
824 661 910 694 rex
951 647 1104 696 Indiae
1148 664 1245 696 cum
1295 665 1349 698 se
1390 651 1434 696 in
1477 648 1654 712 publico
1706 648 1902 709 conspici
1945 644 2219 709 patiebatur,
2265 643 2454 692 turibula

443 753 660 808 argentea
691 749 875 796 ministri
909 748 1138 809 ferebant,
1173 758 1399 812 totumque
1432 752 1533 808 iter,
1567 765 1651 812 per
1682 747 1799 810 quod
1833 747 1941 795 ferri
1976 746 2298 803 destinaverat,
2333 744 2454 793 odo-

441 847 567 895 ribus
601 848 883 912 complebant
905 848 986 910 28).
1054 850 1196 907 Quam
1226 852 1470 899 communis
1499 851 1615 914 apud
1641 852 1842 913 privatos
1869 848 2156 897 turibulorum
2179 862 2287 895 usus
2322 846 2456 894 fuerit

444 957 631 1013 apparet
665 965 726 999 ex
762 949 996 999 Ciceronis
1031 953 1234 999 oratione
1268 954 1313 1000 in
1346 951 1535 998 Verrem
1571 951 1650 1011 IV,
1672 951 1772 998 21.:
1820 950 2010 1010 „domus
2054 956 2289 996 eratante
2323 950 2479 996 istum⁴

441 1057 695 1114 praetorem
728 1051 847 1098 nulla
881 1052 1031 1115 paullo
1066 1052 1356 1116 locupletior,
1400 1068 1486 1115 qua
1521 1055 1565 1100 in
1601 1052 1733 1100 domo
1767 1051 1879 1098 haec
1909 1065 1998 1098 non
2034 1058 2212 1109 essent,
2249 1052 2379 1098 etiam
2415 1051 2453 1098 si

439 1159 677 1216 praeterea
712 1152 817 1200 nihil
852 1161 975 1201 esset
1000 1156 1191 1215 argenti,
1225 1155 1390 1218 patella
1422 1155 1605 1216 grandis
1639 1169 1739 1201 cum
1767 1154 1926 1215 sigillis
1962 1167 2015 1199 ac
2049 1153 2295 1200 simulacris
2333 1151 2452 1199 deo-

446 1269 570 1312 rum,
616 1261 797 1316 patera,
843 1270 928 1316 qua
971 1256 1183 1304 mulieres
1228 1256 1285 1303 ad
1330 1272 1407 1304 res
1451 1256 1624 1304 divinas
1667 1262 1922 1314 uterentur,
1968 1254 2261 1300 turibulum.
2329 1253 2455 1299 Haec

442 1361 588 1402 autem
623 1357 768 1402 omnia
803 1358 980 1419 antiquo
1025 1371 1166 1420 opere
1211 1364 1256 1404 et
1290 1372 1459 1405 summo
1502 1357 1685 1405 artificio
1720 1356 1883 1404 facta.“
1951 1355 2045 1403 Hac
2084 1356 2181 1418 ipsa
2226 1354 2283 1402 de
2317 1369 2453 1403 causa

441 1455 612 1504 Verres
648 1457 690 1503 in
727 1456 929 1506 omnibus
965 1457 1181 1517 turibulis,
1218 1473 1509 1520 quaecunque
1543 1461 1587 1505 in
1614 1458 1765 1506 Sicilia
1800 1457 1994 1515 fuerunt,
2030 1457 2115 1503 hoc
2150 1457 2289 1503 tenuit
2319 1457 2452 1503 insti-

441 1564 605 1617 tutum,
643 1565 689 1605 ut
723 1572 822 1605 cum
857 1558 1133 1622 inspicienda
1163 1561 1470 1623 poposcisset,
1506 1560 1667 1607 evulso
1692 1557 1956 1606 emblemate
1985 1558 2241 1605 remitteret.
2308 1556 2454 1604 Mater

442 1657 578 1706 Idaea
625 1673 723 1706 cum
757 1659 942 1707 Romam
983 1666 1383 1723 transportaretur,
1419 1661 1636 1723 primores
1672 1660 1862 1709 civitatis
1892 1665 2122 1705 matronae
2166 1673 2265 1704 eam
2300 1657 2454 1705 Ostiae

444 1775 693 1823 accepere,
745 1767 876 1821 atque
916 1775 999 1822 per
1032 1775 1214 1820 manus,
1256 1760 1552 1808 succedentes
1592 1761 1803 1822 deinceps
1838 1759 1952 1806 aliae
1987 1760 2111 1819 aliis,
2158 1761 2276 1807 omni
2312 1758 2450 1806 effusa

441 1862 621 1908 civitate
656 1859 860 1920 obviam,
906 1861 1145 1908 turibulis
1178 1868 1302 1909 ante
1325 1863 1520 1926 januas
1546 1862 1751 1927 positis,
1797 1876 1881 1924 qua
1915 1860 2280 1924 praeferebatur,
2316 1866 2449 1922 atque

442 1975 637 2008 accenso
670 1961 823 2020 thure,
863 1961 1173 2025 precantibus,
1218 1970 1264 2009 ut
1295 1963 1457 2011 volens
1490 1964 1769 2027 propitiaque
1798 1961 1953 2009 urbem
1986 1961 2171 2008 Romam
2205 1962 2360 2019 iniret,
2406 1961 2451 2005 in

441 2061 598 2108 aedem
633 2061 886 2122 Victoriae,
921 2078 1035 2125 quae
1071 2070 1140 2110 est
1172 2064 1216 2109 in
1250 2063 1446 2123 Palatio,
1490 2064 1718 2126 pertulere
1744 2061 1822 2124 ²9).
1889 2064 2095 2125 Denique
2125 2063 2355 2110 Ausonius
2382 2060 2447 2119 ⁵⁰)

439 2164 556 2209 inter
589 2164 872 2211 usitatissima
907 2164 1222 2211 sacrificiorum
1257 2179 1369 2213 vasa
1403 2164 1636 2212 turibulum
1668 2166 1885 2212 nominat:

770 2300 960 2341 Turibula
984 2307 1024 2341 et
1045 2307 1232 2355 paterae,
1260 2314 1365 2356 quae
1387 2304 1501 2344 tertia
1524 2315 1620 2344 vasa
1642 2303 1787 2344 deum?
1819 2303 1925 2343 lanx.

590 2428 745 2491 ltaque
767 2443 898 2491 quum
921 2443 1012 2476 non
1033 2431 1165 2478 modo
1187 2433 1230 2478 in
1250 2431 1418 2492 Sicilia,
1437 2441 1482 2480 ut
1501 2432 1604 2480 dicit
1621 2432 1784 2480 Cicero
1806 2433 1907 2480 loco
1931 2447 2065 2495 supra
2088 2430 2283 2488 laudam,
2305 2429 2387 2478 sed
2408 2432 2451 2476 in

440 2536 534 2576 toto
564 2528 675 2577 orbe
699 2531 877 2592 antiquo
902 2545 984 2593 per
1014 2532 1160 2577 omnia
1194 2538 1395 2594 tempora
1431 2532 1701 2580 incredibilis
1727 2532 1860 2580 fuerit
1889 2532 2174 2581 turibulorum
2206 2529 2450 2589 multitudo,

530 2769 610 2820 26)
644 2772 791 2812 Herod.
813 2772 879 2824 w,
906 2771 999 2812 162.
1378 2828 1382 2831 .

530 2846 611 2897 2⁷)
644 2847 876 2890 Callixenus
897 2851 937 2890 in
957 2855 1100 2902 quarto
1120 2850 1169 2891 de
1191 2850 1438 2891 Alexandria
1462 2851 1563 2892 libro
1584 2851 1690 2904 apud
1713 2851 1855 2892 Athen.
1879 2851 1922 2890 V.
1955 2865 1990 2903 p.
2017 2849 2110 2890 197.
2135 2863 2168 2890 e.

527 2923 608 2973 28)
640 2923 749 2966 Curt.
770 2925 870 2974 Vlll,
894 2925 932 2966 6.

531 2999 613 3049 29)
644 3000 727 3042 Liv.
748 3001 891 3053 XXIX,
916 3000 980 3042 14.

531 3075 611 3126 30)
643 3078 955 3133 Technopaegn.
978 3077 1060 3118 ΧΠ.
1084 3090 1158 3132 per
1181 3078 1535 3131 interrogationem
1560 3085 1599 3119 et
1621 3080 1921 3132 responsionem
1945 3080 1983 3120 5.

2023 3172 2100 3220 21·
