2925 3533
1290 259 1614 309 ,15-

448 399 781 460 aberrabimus,
826 401 864 447 si
898 412 1025 446 suem
1059 412 1085 444 a
1130 398 1266 446 leone
1319 411 1623 460 compressam
1668 396 1725 443 ad
1771 411 1959 444 vernum
2010 396 2152 444 solem
2206 394 2462 455 referimuS‚

448 516 547 549 cum
581 508 701 549 terra
737 499 948 561 genitalia
976 500 1145 546 semina
1175 506 1395 561 poscente
1420 512 1473 545 se
1503 499 1776 556 miscentem,
1807 505 1850 544 et
1880 497 2076 544 Orientis
2109 511 2236 543 more
2270 495 2460 542 eandem

447 602 713 650 sententiam
758 601 952 662 imagine
995 605 1377 663 repraesentatam
1419 599 1651 657 videmus,
1703 613 1833 660 quam
1874 601 1918 645 in
1964 599 2156 659 egregio
2205 597 2461 659 fragmento

445 701 694 750 Danaidum
731 701 846 766 apud
882 701 1160 749 Athenaeum
1196 699 1314 748 XIII.
1349 716 1390 763 p.
1415 699 1513 746 600
1534 714 1573 746 a.
1611 698 1764 747 verbis
1798 700 2024 762 expressit
2056 698 2337 762 Aeschylus:

871 816 940 871 ἐρᾷ
961 813 1032 871 μὲν
1054 814 1170 871 ἁγνὸς
1190 813 1349 870 οὐρανὸς
1369 818 1516 871 τρῶσαι
1536 812 1669 870 χθόνα,

869 890 962 948 ἔρως
984 884 1028 931 δὲ
1048 897 1166 948 γαῖαν
1186 888 1381 946 λαμβάνει
1401 887 1530 947 γάμου
1551 895 1696 945 τυχεῖν,

869 967 1010 1024 ὄμβρος
1031 959 1072 1007 δ’
1095 963 1168 1006 ἀπ’
1192 964 1396 1012 εὐνάοντος
1418 966 1581 1022 οὐρανοῦ
1601 964 1732 1005 πεσὼν

869 1042 983 1084 ἔκυσε
1002 1049 1138 1101 γαῖαν·
1171 1045 1196 1089 ἡ
1219 1034 1263 1082 δὲ
1283 1042 1464 1082 τίκτεται
1485 1042 1634 1098 βροτοῖς

871 1119 1008 1177 μτῖλων
1029 1133 1075 1160 τε
1097 1118 1240 1172 βοσκὰς
1259 1118 1326 1158 καὶ
1348 1118 1429 1170 βίον
1451 1117 1687 1173 Δημήτριον.

610 1224 820 1273 Similiter
845 1224 1059 1285 Virgilius
1090 1222 1259 1284 Georg.
1293 1221 1348 1281 11,
1383 1221 1480 1270 324
1514 1237 1608 1285 sqq.

869 1338 976 1377 Vere
999 1342 1149 1376 tument
1172 1343 1306 1376 terrae
1329 1342 1369 1375 et
1390 1336 1577 1389 genitalia
1599 1338 1751 1376 semina
1778 1343 1960 1389 poscunt.

868 1413 964 1453 Tum
987 1418 1101 1465 pater
1122 1413 1374 1464 omnipotens
1396 1411 1606 1451 foecundis
1629 1412 1820 1452 imbribus
1843 1411 1995 1452 Aether

867 1488 1062 1542 Coniugis
1081 1489 1118 1528 in
1141 1489 1340 1543 gremium
1362 1487 1492 1528 laetae
1515 1487 1743 1538 descendit,
1777 1493 1817 1528 et
1839 1499 1979 1528 omnes

867 1566 1037 1619 Magnus
1058 1565 1145 1614 alit,
1178 1577 1322 1618 magno
1345 1566 1580 1606 commixtus
1603 1576 1796 1616 corpore,
1830 1564 1973 1605 foetus.

867 1642 970 1682 Avia
993 1647 1071 1681 tum
1095 1647 1285 1681 resonant
1306 1641 1446 1682 avibus
1468 1641 1641 1695 virgulta
1664 1642 1838 1691 canoris,

867 1718 914 1758 Et
934 1730 1126 1759 venerem
1151 1718 1273 1758 certis
1296 1723 1484 1771 repetunt
1505 1723 1682 1759 armenta
1704 1716 1865 1768 dicbus3

869 1795 1038 1836 Parturit
1060 1794 1184 1835 almus
1207 1806 1328 1847 ager,
1360 1794 1616 1847 Zephyrique
1638 1795 1865 1847 tepentibus
1888 1795 1995 1835 auris

866 1869 1020 1911 Laxant
1041 1881 1136 1911 arva
1159 1869 1289 1918 sinus3
1323 1875 1486 1923 superat
1506 1874 1623 1911 tener
1645 1870 1827 1912 omnibus
1850 1870 2002 1920 humor,

868 1946 988 2001 Inque
1010 1958 1137 1987 novos
1158 1945 1266 1986 soles
1288 1943 1437 1986 audent
1458 1958 1503 1986 se
1524 1947 1710 2000 germina
1732 1951 1815 1987 tuto

866 2022 1063 2072 Credere,
1095 2035 1169 2062 nec
1191 2022 1329 2062 metuit
1350 2028 1566 2076 surgentes
1590 2023 1801 2076 pampinus
1824 2028 1994 2070 austros,

866 2098 949 2139 Aut
971 2103 1100 2139 actum
1124 2098 1239 2138 coelo
1261 2098 1416 2152 magnis
1436 2098 1687 2150 aquilonibus
1710 2099 1891 2147 imbrem,

865 2172 942 2214 Sed
964 2173 1084 2214 trudit
1104 2186 1282 2227 gemmas
1304 2179 1345 2214 et
1366 2173 1532 2215 frondes
1553 2174 1729 2227 explicat
1750 2187 1900 2215 omncs.

603 2279 758 2326 Paullo
790 2277 1058 2325 difficiliores
1089 2278 1145 2324 ad
1177 2279 1490 2341 explicandum
1523 2280 1639 2327 feles
1663 2278 1731 2339 45)
1765 2280 1973 2327 videntur
2009 2280 2063 2326 ab
2098 2288 2287 2343 utroque
2321 2281 2451 2342 huJus

439 2381 777 2446 symplegmatis
805 2381 946 2428 latere
973 2382 1194 2440 jacentes.
1261 2381 1433 2428 Felium
1469 2381 1643 2444 quidem
1671 2388 1717 2429 et
1749 2382 1928 2429 leonum
1959 2383 2168 2444 cognatio
2203 2395 2292 2429 non
2326 2382 2452 2429 latuit

530 2568 612 2618 45)
645 2569 814 2610 Felesne
837 2574 973 2611 essent
993 2581 1042 2610 an
1066 2580 1187 2610 canes
1216 2569 1331 2610 aurei
1360 2569 1560 2611 haesitans
1581 2570 1692 2612 Gon„
1715 2570 1890 2613 Ruricii
1913 2571 2012 2621 adii,
2041 2570 2257 2624 Zoologiae
2280 2570 2448 2623 profes-

649 2657 783 2686 sorem
816 2645 1147 2695 illustrissimum,
1188 2645 1256 2697 qui
1289 2646 1474 2698 corporis
1505 2646 1683 2687 universi
1715 2647 1947 2700 caudaeque
1977 2645 2287 2700 longitudinem,
2329 2651 2448 2698 caput

648 2721 881 2773 rotundum,
913 2721 1039 2775 pedes
1062 2733 1220 2761 crassos
1242 2720 1387 2761 felibus
1409 2723 1627 2762 convenire
1650 2722 1797 2763 docuit.
1848 2723 1956 2762 Idem
1985 2722 2034 2762 de
2058 2734 2178 2775 porca
2206 2722 2444 2775 prominen-

647 2798 753 2838 tibus
781 2797 967 2838 dentibus
1002 2798 1157 2838 caninis
1192 2798 1404 2850 conspicua
1436 2798 1606 2838 animum
1637 2799 1809 2839 advertit
1839 2799 1886 2839 ad
1919 2798 2238 2839 Phacochaerem
2271 2796 2446 2848 Aeliani,

648 2874 737 2916 coll.
760 2873 802 2915 G.
825 2873 998 2925 Cuvissa,
1031 2874 1069 2915 le
1091 2875 1218 2928 regne
1241 2874 1398 2924 animal,
1426 2873 1694 2916 mammiseres
1716 2876 1769 2929 pl.
1790 2875 1858 2926 80,
1882 2875 1907 2915 2
1930 2875 2015 2923 (ed.
2036 2875 2257 2923 illustree).
2310 2874 2446 2916 Rver-

649 2965 762 3003 PELL,
796 2950 909 2992 Atlas
937 2965 986 2992 zu
1018 2951 1092 2992 der
1120 2951 1239 2991 Reise
1268 2952 1318 2992 im
1347 2950 1581 2991 nordlichen
1610 2951 1761 2993 Africa.
1812 2951 1928 2992 Erste
1954 2950 2207 3005 Abtheilung.
2239 2951 2446 3004 Zoologic.

647 3028 741 3068 Tab.
764 3026 832 3068 25.
