<?xml version="1.0" encoding="UTF-8"?>
<!DOCTYPE html PUBLIC "-//W3C//DTD XHTML 1.0 Transitional//EN"
    "http://www.w3.org/TR/xhtml1/DTD/xhtml1-transitional.dtd">
<html xmlns="http://www.w3.org/1999/xhtml" xml:lang="en" lang="en">
 <head>
  <title>
</title>
<meta http-equiv="Content-Type" content="text/html;charset=utf-8" />
  <meta name='ocr-system' content='tesseract 3.04.00' />
  <meta name='ocr-capabilities' content='ocr_page ocr_carea ocr_par ocr_line ocrx_word'/>
</head>
<body>
  <div class='ocr_page' id='page_1' title='image "4767265_0022.png"; bbox 0 0 2925 3533; ppageno 0'>
   <div class='ocr_carea' id='block_1_1' title="bbox 1367 255 1693 304">
    <p class='ocr_par' dir='ltr' id='par_1_1' title="bbox 1367 255 1693 304">
     <span class='ocr_line' id='line_1_1' title="bbox 1367 255 1693 304; baseline 0.003 -14"><span class='ocrx_word' id='word_1_1' title='bbox 1367 255 1693 304; x_wconf 76' lang='grc'><strong>-16-</strong></span> 
     </span>
    </p>
   </div>
   <div class='ocr_carea' id='block_1_2' title="bbox 512 391 2544 2374">
    <p class='ocr_par' dir='ltr' id='par_1_2' title="bbox 512 391 2543 2072">
     <span class='ocr_line' id='line_1_2' title="bbox 512 391 2536 457; baseline -0.001 -12"><span class='ocrx_word' id='word_1_2' title='bbox 512 404 718 456; x_wconf 76' lang='lat' dir='ltr'><strong>vetereS,</strong></span> <span class='ocrx_word' id='word_1_3' title='bbox 753 403 801 444; x_wconf 87' lang='lat' dir='ltr'><strong>ut</strong></span> <span class='ocrx_word' id='word_1_4' title='bbox 833 394 1038 444; x_wconf 87' lang='lat' dir='ltr'><strong>videmus</strong></span> <span class='ocrx_word' id='word_1_5' title='bbox 1074 408 1136 440; x_wconf 83' lang='lat' dir='ltr'><strong>ex</strong></span> <span class='ocrx_word' id='word_1_6' title='bbox 1169 393 1311 441; x_wconf 80' lang='lat' dir='ltr'>Plinio</span> <span class='ocrx_word' id='word_1_7' title='bbox 1341 393 1394 440; x_wconf 90' lang='lat' dir='ltr'><strong>H.</strong></span> <span class='ocrx_word' id='word_1_8' title='bbox 1416 392 1470 440; x_wconf 93' lang='lat' dir='ltr'><strong>N.</strong></span> <span class='ocrx_word' id='word_1_9' title='bbox 1505 393 1585 453; x_wconf 92' lang='lat' dir='ltr'><strong>Xl,</strong></span> <span class='ocrx_word' id='word_1_10' title='bbox 1610 392 1691 452; x_wconf 77' lang='lat'><strong>37,</strong></span> <span class='ocrx_word' id='word_1_11' title='bbox 1713 393 1789 441; x_wconf 88' lang='grc'><strong>65.</strong></span> <span class='ocrx_word' id='word_1_12' title='bbox 1823 391 2080 453; x_wconf 79' lang='lat' dir='ltr'><strong>„leonibuS,</strong></span> <span class='ocrx_word' id='word_1_13' title='bbox 2114 393 2265 457; x_wconf 84' lang='lat' dir='ltr'><strong>pardis</strong></span> <span class='ocrx_word' id='word_1_14' title='bbox 2300 394 2536 444; x_wconf 89' lang='lat' dir='ltr'><strong>omnihus-</strong></span> 
     </span>
     <span class='ocr_line' id='line_1_3' title="bbox 516 492 2536 562; baseline -0.001 -16"><span class='ocrx_word' id='word_1_15' title='bbox 516 513 606 562; x_wconf 88' lang='lat' dir='ltr'><strong>que</strong></span> <span class='ocrx_word' id='word_1_16' title='bbox 633 498 819 560; x_wconf 85' lang='lat' dir='ltr'><strong>generis</strong></span> <span class='ocrx_word' id='word_1_17' title='bbox 842 497 957 558; x_wconf 76' lang='lat' dir='ltr'><strong>ejuS,</strong></span> <span class='ocrx_word' id='word_1_18' title='bbox 980 495 1111 542; x_wconf 89' lang='lat' dir='ltr'><strong>etiam</strong></span> <span class='ocrx_word' id='word_1_19' title='bbox 1137 492 1316 554; x_wconf 82' lang='lat' dir='ltr'><strong>felibuS,</strong></span> <span class='ocrx_word' id='word_1_20' title='bbox 1337 493 1491 554; x_wconf 85' lang='lat' dir='ltr'><strong>lingua</strong></span> <span class='ocrx_word' id='word_1_21' title='bbox 1516 492 1773 542; x_wconf 84' lang='lat' dir='ltr'><strong>imbricatae</strong></span> <span class='ocrx_word' id='word_1_22' title='bbox 1801 494 2052 557; x_wconf 80' lang='lat' dir='ltr'><strong>asperitatis</strong></span> <span class='ocrx_word' id='word_1_23' title='bbox 2082 509 2135 542; x_wconf 92' lang='lat' dir='ltr'><strong>ac</strong></span> <span class='ocrx_word' id='word_1_24' title='bbox 2159 495 2292 543; x_wconf 87' lang='lat' dir='ltr'><strong>limae</strong></span> <span class='ocrx_word' id='word_1_25' title='bbox 2322 494 2536 556; x_wconf 80' lang='lat' dir='ltr'><strong>similis“;</strong></span> 
     </span>
     <span class='ocr_line' id='line_1_4' title="bbox 518 592 2535 660; baseline -0.002 -12"><span class='ocrx_word' id='word_1_26' title='bbox 518 598 602 648; x_wconf 90' lang='lat' dir='ltr'><strong>sed</strong></span> <span class='ocrx_word' id='word_1_27' title='bbox 637 600 675 647; x_wconf 88' lang='lat' dir='ltr'><strong>si</strong></span> <span class='ocrx_word' id='word_1_28' title='bbox 711 599 807 660; x_wconf 90' lang='lat' dir='ltr'><strong>quis</strong></span> <span class='ocrx_word' id='word_1_29' title='bbox 830 596 915 644; x_wconf 90' lang='lat' dir='ltr'><strong>hac</strong></span> <span class='ocrx_word' id='word_1_30' title='bbox 948 596 1121 643; x_wconf 88' lang='lat' dir='ltr'><strong>ratione</strong></span> <span class='ocrx_word' id='word_1_31' title='bbox 1151 592 1309 642; x_wconf 90' lang='lat' dir='ltr'><strong>ductus</strong></span> <span class='ocrx_word' id='word_1_32' title='bbox 1337 597 1479 643; x_wconf 84' lang='lat' dir='ltr'><strong>nostri</strong></span> <span class='ocrx_word' id='word_1_33' title='bbox 1515 596 1786 643; x_wconf 91' lang='lat' dir='ltr'><strong>monumenti</strong></span> <span class='ocrx_word' id='word_1_34' title='bbox 1812 594 2073 643; x_wconf 63' lang='lat' dir='ltr'><strong>feles‘leoni</strong></span> <span class='ocrx_word' id='word_1_35' title='bbox 2103 603 2309 659; x_wconf 86' lang='lat' dir='ltr'><strong>tanquam</strong></span> <span class='ocrx_word' id='word_1_36' title='bbox 2333 595 2535 644; x_wconf 89' lang='lat' dir='ltr'><strong>asseclas</strong></span> 
     </span>
     <span class='ocr_line' id='line_1_5' title="bbox 518 694 2538 762; baseline -0.001 -15"><span class='ocrx_word' id='word_1_37' title='bbox 518 700 770 762; x_wconf 88' lang='lat' dir='ltr'><strong>adjungere</strong></span> <span class='ocrx_word' id='word_1_38' title='bbox 803 697 929 755; x_wconf 88' lang='lat' dir='ltr'><strong>velit,</strong></span> <span class='ocrx_word' id='word_1_39' title='bbox 964 711 990 743; x_wconf 89' lang='lat' dir='ltr'><strong>a</strong></span> <span class='ocrx_word' id='word_1_40' title='bbox 1023 708 1138 743; x_wconf 90' lang='lat' dir='ltr'><strong>vero</strong></span> <span class='ocrx_word' id='word_1_41' title='bbox 1172 694 1381 742; x_wconf 83' lang='lat' dir='ltr'><strong>videatur</strong></span> <span class='ocrx_word' id='word_1_42' title='bbox 1413 694 1640 743; x_wconf 87' lang='lat' dir='ltr'><strong>aberrare.</strong></span> <span class='ocrx_word' id='word_1_43' title='bbox 1708 695 1820 743; x_wconf 90' lang='lat' dir='ltr'><strong>Nam</strong></span> <span class='ocrx_word' id='word_1_44' title='bbox 1849 710 1938 743; x_wconf 90' lang='lat' dir='ltr'><strong>non</strong></span> <span class='ocrx_word' id='word_1_45' title='bbox 1967 698 2182 744; x_wconf 86' lang='lat' dir='ltr'><strong>scientiae</strong></span> <span class='ocrx_word' id='word_1_46' title='bbox 2213 697 2444 758; x_wconf 82' lang='lat' dir='ltr'><strong>naturaliS,</strong></span> <span class='ocrx_word' id='word_1_47' title='bbox 2480 696 2538 744; x_wconf 89' lang='lat' dir='ltr'><strong>ad</strong></span> 
     </span>
     <span class='ocr_line' id='line_1_6' title="bbox 519 797 2538 863; baseline -0.002 -14"><span class='ocrx_word' id='word_1_48' title='bbox 519 816 626 849; x_wconf 90' lang='lat' dir='ltr'><strong>suas</strong></span> <span class='ocrx_word' id='word_1_49' title='bbox 661 814 866 863; x_wconf 87' lang='lat' dir='ltr'><strong>quaeque</strong></span> <span class='ocrx_word' id='word_1_50' title='bbox 901 798 1105 845; x_wconf 88' lang='lat' dir='ltr'><strong>animalia</strong></span> <span class='ocrx_word' id='word_1_51' title='bbox 1141 798 1314 845; x_wconf 87' lang='lat' dir='ltr'><strong>classes</strong></span> <span class='ocrx_word' id='word_1_52' title='bbox 1348 797 1605 856; x_wconf 85' lang='lat' dir='ltr'><strong>referentis,</strong></span> <span class='ocrx_word' id='word_1_53' title='bbox 1640 798 1788 859; x_wconf 87' lang='lat' dir='ltr'><strong>leges,</strong></span> <span class='ocrx_word' id='word_1_54' title='bbox 1823 797 1904 846; x_wconf 92' lang='lat' dir='ltr'><strong>sed</strong></span> <span class='ocrx_word' id='word_1_55' title='bbox 1933 798 2187 861; x_wconf 88' lang='lat' dir='ltr'><strong>peculiares</strong></span> <span class='ocrx_word' id='word_1_56' title='bbox 2223 798 2457 861; x_wconf 79' lang='lat' dir='ltr'><strong>quaedam,</strong></span> <span class='ocrx_word' id='word_1_57' title='bbox 2492 800 2538 845; x_wconf 90' lang='lat' dir='ltr'><strong>in</strong></span> 
     </span>
     <span class='ocr_line' id='line_1_7' title="bbox 516 898 2538 961; baseline -0.002 -12"><span class='ocrx_word' id='word_1_58' title='bbox 516 900 760 950; x_wconf 89' lang='lat' dir='ltr'><strong>bestiarum</strong></span> <span class='ocrx_word' id='word_1_59' title='bbox 793 899 947 948; x_wconf 91' lang='lat' dir='ltr'><strong>indole</strong></span> <span class='ocrx_word' id='word_1_60' title='bbox 982 913 1260 961; x_wconf 73' lang='lat' dir='ltr'><strong>expressae,</strong></span> <span class='ocrx_word' id='word_1_61' title='bbox 1306 900 1493 945; x_wconf 89' lang='lat' dir='ltr'><strong>virtutes</strong></span> <span class='ocrx_word' id='word_1_62' title='bbox 1530 899 1773 959; x_wconf 85' lang='lat' dir='ltr'><strong>antiquitati</strong></span> <span class='ocrx_word' id='word_1_63' title='bbox 1809 914 1891 957; x_wconf 86' lang='lat' dir='ltr'><strong>ea,</strong></span> <span class='ocrx_word' id='word_1_64' title='bbox 1927 914 2041 960; x_wconf 89' lang='lat' dir='ltr'><strong>quae</strong></span> <span class='ocrx_word' id='word_1_65' title='bbox 2075 898 2132 945; x_wconf 89' lang='lat' dir='ltr'><strong>de</strong></span> <span class='ocrx_word' id='word_1_66' title='bbox 2167 899 2263 945; x_wconf 91' lang='lat' dir='ltr'><strong>Diis</strong></span> <span class='ocrx_word' id='word_1_67' title='bbox 2309 906 2354 945; x_wconf 89' lang='lat' dir='ltr'><strong>et</strong></span> <span class='ocrx_word' id='word_1_68' title='bbox 2387 913 2538 944; x_wconf 89' lang='lat' dir='ltr'><strong>rerum</strong></span> 
     </span>
     <span class='ocr_line' id='line_1_8' title="bbox 516 971 2538 1061; baseline -0.001 -12"><span class='ocrx_word' id='word_1_69' title='bbox 516 1009 675 1049; x_wconf 88' lang='lat' dir='ltr'><strong>natura</strong></span> <span class='ocrx_word' id='word_1_70' title='bbox 711 971 877 1059; x_wconf 83' lang='lat' dir='ltr'><strong>docuit,</strong></span> <span class='ocrx_word' id='word_1_71' title='bbox 913 997 1180 1060; x_wconf 90' lang='lat' dir='ltr'><strong>imaginibus</strong></span> <span class='ocrx_word' id='word_1_72' title='bbox 1214 999 1451 1045; x_wconf 89' lang='lat' dir='ltr'><strong>involvere</strong></span> <span class='ocrx_word' id='word_1_73' title='bbox 1483 997 1643 1044; x_wconf 90' lang='lat' dir='ltr'><strong>solitae</strong></span> <span class='ocrx_word' id='word_1_74' title='bbox 1658 997 1726 1057; x_wconf 73' lang='lat'><strong>4⁶)</strong></span> <span class='ocrx_word' id='word_1_75' title='bbox 1764 998 2035 1047; x_wconf 86' lang='lat' dir='ltr'><strong>obversatae</strong></span> <span class='ocrx_word' id='word_1_76' title='bbox 2065 1007 2189 1058; x_wconf 77' lang='lat' dir='ltr'><strong>sunt3</strong></span> <span class='ocrx_word' id='word_1_77' title='bbox 2226 1007 2358 1061; x_wconf 85' lang='lat' dir='ltr'><strong>atque</strong></span> <span class='ocrx_word' id='word_1_78' title='bbox 2393 1001 2438 1045; x_wconf 91' lang='lat' dir='ltr'><strong>in</strong></span> <span class='ocrx_word' id='word_1_79' title='bbox 2470 1000 2538 1047; x_wconf 89' lang='lat' dir='ltr'><strong>his</strong></span> 
     </span>
     <span class='ocr_line' id='line_1_9' title="bbox 520 1099 2539 1163; baseline -0.001 -13"><span class='ocrx_word' id='word_1_80' title='bbox 520 1117 716 1150; x_wconf 88' lang='lat' dir='ltr'><strong>arcanae</strong></span> <span class='ocrx_word' id='word_1_81' title='bbox 761 1102 992 1149; x_wconf 88' lang='lat' dir='ltr'><strong>doctrinae</strong></span> <span class='ocrx_word' id='word_1_82' title='bbox 1033 1100 1278 1147; x_wconf 88' lang='lat' dir='ltr'><strong>involucris</strong></span> <span class='ocrx_word' id='word_1_83' title='bbox 1319 1106 1482 1146; x_wconf 88' lang='lat' dir='ltr'><strong>tantum</strong></span> <span class='ocrx_word' id='word_1_84' title='bbox 1527 1100 1792 1163; x_wconf 90' lang='lat' dir='ltr'><strong>populorum</strong></span> <span class='ocrx_word' id='word_1_85' title='bbox 1844 1101 1993 1163; x_wconf 90' lang='lat' dir='ltr'><strong>longis</strong></span> <span class='ocrx_word' id='word_1_86' title='bbox 2036 1101 2236 1148; x_wconf 89' lang='lat' dir='ltr'><strong>locorum</strong></span> <span class='ocrx_word' id='word_1_87' title='bbox 2290 1099 2539 1148; x_wconf 89' lang='lat' dir='ltr'><strong>intervallis</strong></span> 
     </span>
     <span class='ocr_line' id='line_1_10' title="bbox 524 1201 2539 1267; baseline -0.001 -14"><span class='ocrx_word' id='word_1_88' title='bbox 524 1206 828 1266; x_wconf 89' lang='lat' dir='ltr'><strong>sejunctorum</strong></span> <span class='ocrx_word' id='word_1_89' title='bbox 865 1201 1237 1266; x_wconf 86' lang='lat' dir='ltr'><strong>deprehendimus</strong></span> <span class='ocrx_word' id='word_1_90' title='bbox 1274 1215 1559 1261; x_wconf 88' lang='lat' dir='ltr'><strong>consensum,</strong></span> <span class='ocrx_word' id='word_1_91' title='bbox 1589 1208 1650 1260; x_wconf 88' lang='lat' dir='ltr'><strong>ut,</strong></span> <span class='ocrx_word' id='word_1_92' title='bbox 1683 1203 1885 1265; x_wconf 90' lang='lat' dir='ltr'><strong>quamvis</strong></span> <span class='ocrx_word' id='word_1_93' title='bbox 1916 1201 1972 1249; x_wconf 90' lang='lat' dir='ltr'><strong>de</strong></span> <span class='ocrx_word' id='word_1_94' title='bbox 2000 1201 2152 1250; x_wconf 86' lang='lat' dir='ltr'><strong>felium</strong></span> <span class='ocrx_word' id='word_1_95' title='bbox 2179 1201 2296 1267; x_wconf 89' lang='lat' dir='ltr'><strong>apud</strong></span> <span class='ocrx_word' id='word_1_96' title='bbox 2316 1201 2539 1265; x_wconf 74' lang='lat' dir='ltr'><strong>Assyrios</strong></span> 
     </span>
     <span class='ocr_line' id='line_1_11' title="bbox 524 1301 2538 1364; baseline -0.001 -12"><span class='ocrx_word' id='word_1_97' title='bbox 524 1306 643 1352; x_wconf 89' lang='lat' dir='ltr'><strong>cultu</strong></span> <span class='ocrx_word' id='word_1_98' title='bbox 686 1304 790 1351; x_wconf 90' lang='lat' dir='ltr'><strong>nihil</strong></span> <span class='ocrx_word' id='word_1_99' title='bbox 828 1317 976 1364; x_wconf 89' lang='lat' dir='ltr'><strong>neque</strong></span> <span class='ocrx_word' id='word_1_100' title='bbox 1009 1303 1166 1349; x_wconf 88' lang='lat' dir='ltr'><strong>litteris</strong></span> <span class='ocrx_word' id='word_1_101' title='bbox 1199 1316 1346 1364; x_wconf 91' lang='lat' dir='ltr'><strong>neque</strong></span> <span class='ocrx_word' id='word_1_102' title='bbox 1381 1304 1677 1349; x_wconf 90' lang='lat' dir='ltr'><strong>monumentis</strong></span> <span class='ocrx_word' id='word_1_103' title='bbox 1718 1302 1922 1349; x_wconf 90' lang='lat' dir='ltr'><strong>traditum</strong></span> <span class='ocrx_word' id='word_1_104' title='bbox 1963 1302 2230 1364; x_wconf 76' lang='lat' dir='ltr'><strong>habeamus,</strong></span> <span class='ocrx_word' id='word_1_105' title='bbox 2276 1317 2367 1350; x_wconf 92' lang='lat' dir='ltr'><strong>non</strong></span> <span class='ocrx_word' id='word_1_106' title='bbox 2403 1301 2538 1350; x_wconf 88' lang='lat' dir='ltr'><strong>dubi-</strong></span> 
     </span>
     <span class='ocr_line' id='line_1_12' title="bbox 521 1402 2540 1468; baseline -0.001 -15"><span class='ocrx_word' id='word_1_107' title='bbox 521 1413 665 1454; x_wconf 88' lang='lat' dir='ltr'><strong>temus</strong></span> <span class='ocrx_word' id='word_1_108' title='bbox 701 1420 781 1463; x_wconf 89' lang='lat' dir='ltr'><strong>ea,</strong></span> <span class='ocrx_word' id='word_1_109' title='bbox 817 1418 933 1466; x_wconf 89' lang='lat' dir='ltr'><strong>quae</strong></span> <span class='ocrx_word' id='word_1_110' title='bbox 964 1402 1021 1450; x_wconf 90' lang='lat' dir='ltr'><strong>de</strong></span> <span class='ocrx_word' id='word_1_111' title='bbox 1055 1404 1385 1466; x_wconf 74' lang='lat' dir='ltr'><strong>Aegyptiorum</strong></span> <span class='ocrx_word' id='word_1_112' title='bbox 1428 1403 1650 1465; x_wconf 85' lang='lat' dir='ltr'><strong>religione</strong></span> <span class='ocrx_word' id='word_1_113' title='bbox 1685 1405 1874 1463; x_wconf 90' lang='lat' dir='ltr'><strong>scimus,</strong></span> <span class='ocrx_word' id='word_1_114' title='bbox 1927 1405 1983 1452; x_wconf 89' lang='lat' dir='ltr'><strong>ad</strong></span> <span class='ocrx_word' id='word_1_115' title='bbox 2017 1405 2238 1468; x_wconf 79' lang='lat' dir='ltr'><strong>Assyrios</strong></span> <span class='ocrx_word' id='word_1_116' title='bbox 2279 1405 2540 1453; x_wconf 83' lang='lat' dir='ltr'><strong>transferre.</strong></span> 
     </span>
     <span class='ocr_line' id='line_1_13' title="bbox 518 1502 2540 1567; baseline -0.001 -16"><span class='ocrx_word' id='word_1_117' title='bbox 518 1505 567 1551; x_wconf 90' lang='lat' dir='ltr'><strong>In</strong></span> <span class='ocrx_word' id='word_1_118' title='bbox 590 1505 808 1567; x_wconf 79' lang='lat' dir='ltr'><strong>Aegypto</strong></span> <span class='ocrx_word' id='word_1_119' title='bbox 834 1503 949 1550; x_wconf 85' lang='lat' dir='ltr'><strong>feles</strong></span> <span class='ocrx_word' id='word_1_120' title='bbox 968 1502 1150 1550; x_wconf 90' lang='lat' dir='ltr'><strong>Bubasti</strong></span> <span class='ocrx_word' id='word_1_121' title='bbox 1180 1504 1422 1565; x_wconf 88' lang='lat' dir='ltr'><strong>praecipua</strong></span> <span class='ocrx_word' id='word_1_122' title='bbox 1450 1506 1744 1551; x_wconf 90' lang='lat' dir='ltr'><strong>veneratione</strong></span> <span class='ocrx_word' id='word_1_123' title='bbox 1773 1505 1958 1565; x_wconf 89' lang='lat' dir='ltr'><strong>gavisas</strong></span> <span class='ocrx_word' id='word_1_124' title='bbox 1981 1511 2026 1552; x_wconf 92' lang='lat' dir='ltr'><strong>et</strong></span> <span class='ocrx_word' id='word_1_125' title='bbox 2047 1519 2323 1551; x_wconf 90' lang='lat' dir='ltr'><strong>communem</strong></span> <span class='ocrx_word' id='word_1_126' title='bbox 2347 1505 2540 1550; x_wconf 89' lang='lat' dir='ltr'><strong>omnium</strong></span> 
     </span>
     <span class='ocr_line' id='line_1_14' title="bbox 519 1593 2542 1674; baseline -0.001 -21"><span class='ocrx_word' id='word_1_127' title='bbox 519 1619 635 1668; x_wconf 91' lang='lat' dir='ltr'><strong>quae</strong></span> <span class='ocrx_word' id='word_1_128' title='bbox 664 1619 748 1668; x_wconf 91' lang='lat' dir='ltr'><strong>per</strong></span> <span class='ocrx_word' id='word_1_129' title='bbox 768 1593 1030 1667; x_wconf 80' lang='lat' dir='ltr'><strong>Aegyptum</strong></span> <span class='ocrx_word' id='word_1_130' title='bbox 1052 1610 1257 1652; x_wconf 91' lang='lat' dir='ltr'><strong>mortuae</strong></span> <span class='ocrx_word' id='word_1_131' title='bbox 1281 1609 1435 1674; x_wconf 78' lang='lat' dir='ltr'><strong>essent</strong></span> <span class='ocrx_word' id='word_1_132' title='bbox 1464 1602 1615 1651; x_wconf 86' lang='lat' dir='ltr'><strong>felium</strong></span> <span class='ocrx_word' id='word_1_133' title='bbox 1639 1604 1910 1668; x_wconf 84' lang='lat' dir='ltr'><strong>sepulturam</strong></span> <span class='ocrx_word' id='word_1_134' title='bbox 1932 1607 1977 1652; x_wconf 94' lang='lat' dir='ltr'><strong>in</strong></span> <span class='ocrx_word' id='word_1_135' title='bbox 2006 1605 2082 1652; x_wconf 88' lang='lat' dir='ltr'><strong>illa</strong></span> <span class='ocrx_word' id='word_1_136' title='bbox 2110 1603 2221 1652; x_wconf 91' lang='lat' dir='ltr'><strong>urbe</strong></span> <span class='ocrx_word' id='word_1_137' title='bbox 2248 1605 2388 1653; x_wconf 89' lang='lat' dir='ltr'><strong>fuisse</strong></span> <span class='ocrx_word' id='word_1_138' title='bbox 2409 1603 2542 1652; x_wconf 85' lang='lat' dir='ltr'><strong>tradit</strong></span> 
     </span>
     <span class='ocr_line' id='line_1_15' title="bbox 521 1703 2541 1767; baseline -0 -14"><span class='ocrx_word' id='word_1_139' title='bbox 521 1705 778 1753; x_wconf 89' lang='lat' dir='ltr'><strong>Herodotus</strong></span> <span class='ocrx_word' id='word_1_140' title='bbox 815 1704 896 1764; x_wconf 83' lang='lat'><strong>(11,</strong></span> <span class='ocrx_word' id='word_1_141' title='bbox 916 1705 1019 1764; x_wconf 86' lang='lat'>67).</span> <span class='ocrx_word' id='word_1_142' title='bbox 1087 1706 1187 1752; x_wconf 91' lang='lat' dir='ltr'><strong>Dea</strong></span> <span class='ocrx_word' id='word_1_143' title='bbox 1221 1703 1445 1765; x_wconf 89' lang='lat' dir='ltr'><strong>Bubastis,</strong></span> <span class='ocrx_word' id='word_1_144' title='bbox 1480 1720 1610 1767; x_wconf 89' lang='lat' dir='ltr'><strong>quam</strong></span> <span class='ocrx_word' id='word_1_145' title='bbox 1639 1722 1739 1754; x_wconf 89' lang='lat' dir='ltr'><strong>cum</strong></span> <span class='ocrx_word' id='word_1_146' title='bbox 1767 1706 1999 1753; x_wconf 90' lang='lat' dir='ltr'><strong>Artemide</strong></span> <span class='ocrx_word' id='word_1_147' title='bbox 2030 1704 2303 1754; x_wconf 88' lang='lat' dir='ltr'><strong>Graecorum</strong></span> <span class='ocrx_word' id='word_1_148' title='bbox 2316 1705 2403 1765; x_wconf 81' lang='lat'><strong>4⁷),</strong></span> <span class='ocrx_word' id='word_1_149' title='bbox 2439 1720 2541 1753; x_wconf 90' lang='lat' dir='ltr'><strong>cum</strong></span> 
     </span>
     <span class='ocr_line' id='line_1_16' title="bbox 519 1804 2543 1876; baseline -0.001 -22"><span class='ocrx_word' id='word_1_150' title='bbox 519 1807 665 1854; x_wconf 91' lang='lat' dir='ltr'><strong>Diana</strong></span> <span class='ocrx_word' id='word_1_151' title='bbox 698 1806 1001 1853; x_wconf 88' lang='lat' dir='ltr'><strong>Romanorum</strong></span> <span class='ocrx_word' id='word_1_152' title='bbox 1037 1804 1226 1851; x_wconf 89' lang='lat' dir='ltr'><strong>eandem</strong></span> <span class='ocrx_word' id='word_1_153' title='bbox 1262 1820 1367 1852; x_wconf 91' lang='lat' dir='ltr'><strong>esse</strong></span> <span class='ocrx_word' id='word_1_154' title='bbox 1402 1804 1578 1865; x_wconf 88' lang='lat' dir='ltr'><strong>dicunt,</strong></span> <span class='ocrx_word' id='word_1_155' title='bbox 1614 1806 1716 1854; x_wconf 88' lang='lat' dir='ltr'><strong>felis</strong></span> <span class='ocrx_word' id='word_1_156' title='bbox 1752 1813 1884 1869; x_wconf 90' lang='lat' dir='ltr'><strong>caput</strong></span> <span class='ocrx_word' id='word_1_157' title='bbox 1916 1805 2129 1876; x_wconf 81' lang='lat' dir='ltr'><strong>gerebat3</strong></span> <span class='ocrx_word' id='word_1_158' title='bbox 2164 1806 2245 1854; x_wconf 92' lang='lat' dir='ltr'><strong>sed</strong></span> <span class='ocrx_word' id='word_1_159' title='bbox 2285 1821 2384 1853; x_wconf 91' lang='lat' dir='ltr'><strong>cum</strong></span> <span class='ocrx_word' id='word_1_160' title='bbox 2413 1812 2543 1868; x_wconf 92' lang='lat' dir='ltr'><strong>pater</strong></span> 
     </span>
     <span class='ocr_line' id='line_1_17' title="bbox 522 1905 2540 1969; baseline -0.001 -15"><span class='ocrx_word' id='word_1_161' title='bbox 522 1907 735 1955; x_wconf 87' lang='lat' dir='ltr'><strong>historiae</strong></span> <span class='ocrx_word' id='word_1_162' title='bbox 768 1906 1032 1969; x_wconf 90' lang='lat' dir='ltr'><strong>plerumque</strong></span> <span class='ocrx_word' id='word_1_163' title='bbox 1068 1920 1277 1952; x_wconf 88' lang='lat' dir='ltr'><strong>arcanam</strong></span> <span class='ocrx_word' id='word_1_164' title='bbox 1313 1905 1557 1953; x_wconf 85' lang='lat' dir='ltr'><strong>doctrinam</strong></span> <span class='ocrx_word' id='word_1_165' title='bbox 1589 1907 1810 1968; x_wconf 87' lang='lat' dir='ltr'><strong>evulgare</strong></span> <span class='ocrx_word' id='word_1_166' title='bbox 1841 1907 2048 1969; x_wconf 88' lang='lat' dir='ltr'><strong>religioni</strong></span> <span class='ocrx_word' id='word_1_167' title='bbox 2082 1905 2275 1966; x_wconf 84' lang='lat' dir='ltr'><strong>duxerit,</strong></span> <span class='ocrx_word' id='word_1_168' title='bbox 2310 1908 2540 1969; x_wconf 90' lang='lat' dir='ltr'><strong>interpre-</strong></span> 
     </span>
     <span class='ocr_line' id='line_1_18' title="bbox 524 2006 1308 2072; baseline -0.003 -17"><span class='ocrx_word' id='word_1_169' title='bbox 524 2009 703 2055; x_wconf 89' lang='lat' dir='ltr'><strong>tationis</strong></span> <span class='ocrx_word' id='word_1_170' title='bbox 732 2022 921 2072; x_wconf 89' lang='lat' dir='ltr'><strong>pensum</strong></span> <span class='ocrx_word' id='word_1_171' title='bbox 955 2006 1084 2054; x_wconf 90' lang='lat' dir='ltr'><strong>nobis</strong></span> <span class='ocrx_word' id='word_1_172' title='bbox 1119 2007 1308 2070; x_wconf 88' lang='lat' dir='ltr'><strong>reliquit.</strong></span> 
     </span>
    </p>

    <p class='ocr_par' dir='ltr' id='par_1_3' title="bbox 526 2106 2544 2374">
     <span class='ocr_line' id='line_1_19' title="bbox 688 2106 2544 2173; baseline -0.001 -17"><span class='ocrx_word' id='word_1_173' title='bbox 688 2109 809 2157; x_wconf 89' lang='lat' dir='ltr'><strong>Felis</strong></span> <span class='ocrx_word' id='word_1_174' title='bbox 844 2108 986 2156; x_wconf 88' lang='lat' dir='ltr'><strong>oculis</strong></span> <span class='ocrx_word' id='word_1_175' title='bbox 1020 2106 1223 2173; x_wconf 86' lang='lat' dir='ltr'><strong>praedita</strong></span> <span class='ocrx_word' id='word_1_176' title='bbox 1256 2114 1391 2155; x_wconf 90' lang='lat' dir='ltr'><strong>noctu</strong></span> <span class='ocrx_word' id='word_1_177' title='bbox 1434 2106 1718 2156; x_wconf 90' lang='lat' dir='ltr'><strong>cernentibus</strong></span> <span class='ocrx_word' id='word_1_178' title='bbox 1761 2121 1858 2155; x_wconf 91' lang='lat' dir='ltr'><strong>cum</strong></span> <span class='ocrx_word' id='word_1_179' title='bbox 1901 2109 2044 2157; x_wconf 90' lang='lat' dir='ltr'><strong>noctis</strong></span> <span class='ocrx_word' id='word_1_180' title='bbox 2094 2108 2234 2156; x_wconf 90' lang='lat' dir='ltr'><strong>amica</strong></span> <span class='ocrx_word' id='word_1_181' title='bbox 2269 2113 2314 2156; x_wconf 89' lang='lat' dir='ltr'><strong>et</strong></span> <span class='ocrx_word' id='word_1_182' title='bbox 2347 2106 2544 2155; x_wconf 89' lang='lat' dir='ltr'><strong>foecun-</strong></span> 
     </span>
     <span class='ocr_line' id='line_1_20' title="bbox 526 2208 2544 2271; baseline -0.002 -13"><span class='ocrx_word' id='word_1_183' title='bbox 526 2210 661 2258; x_wconf 87' lang='lat' dir='ltr'><strong>ditate</strong></span> <span class='ocrx_word' id='word_1_184' title='bbox 696 2225 776 2258; x_wconf 87' lang='lat' dir='ltr'><strong>sua</strong></span> <span class='ocrx_word' id='word_1_185' title='bbox 811 2224 901 2257; x_wconf 92' lang='lat' dir='ltr'><strong>non</strong></span> <span class='ocrx_word' id='word_1_186' title='bbox 935 2211 1078 2257; x_wconf 90' lang='lat' dir='ltr'><strong>minus</strong></span> <span class='ocrx_word' id='word_1_187' title='bbox 1114 2224 1245 2270; x_wconf 87' lang='lat' dir='ltr'><strong>quam</strong></span> <span class='ocrx_word' id='word_1_188' title='bbox 1277 2223 1415 2271; x_wconf 89' lang='lat' dir='ltr'><strong>porca</strong></span> <span class='ocrx_word' id='word_1_189' title='bbox 1450 2211 1638 2270; x_wconf 90' lang='lat' dir='ltr'><strong>insignis</strong></span> <span class='ocrx_word' id='word_1_190' title='bbox 1675 2212 1753 2268; x_wconf 93' lang='lat' dir='ltr'><strong>sit,</strong></span> <span class='ocrx_word' id='word_1_191' title='bbox 1795 2209 1977 2257; x_wconf 88' lang='lat' dir='ltr'><strong>Bubasti</strong></span> <span class='ocrx_word' id='word_1_192' title='bbox 2012 2211 2111 2258; x_wconf 89' lang='lat' dir='ltr'><strong>sive</strong></span> <span class='ocrx_word' id='word_1_193' title='bbox 2146 2208 2390 2268; x_wconf 90' lang='lat' dir='ltr'><strong>Artemidi,</strong></span> <span class='ocrx_word' id='word_1_194' title='bbox 2427 2223 2544 2269; x_wconf 91' lang='lat' dir='ltr'><strong>quae</strong></span> 
     </span>
     <span class='ocr_line' id='line_1_21' title="bbox 526 2307 2544 2374; baseline -0.001 -15"><span class='ocrx_word' id='word_1_195' title='bbox 526 2318 571 2359; x_wconf 89' lang='lat' dir='ltr'><strong>et</strong></span> <span class='ocrx_word' id='word_1_196' title='bbox 614 2313 711 2374; x_wconf 91' lang='lat' dir='ltr'><strong>ipsa</strong></span> <span class='ocrx_word' id='word_1_197' title='bbox 756 2310 912 2357; x_wconf 91' lang='lat' dir='ltr'><strong>Lunae</strong></span> <span class='ocrx_word' id='word_1_198' title='bbox 956 2311 1135 2356; x_wconf 90' lang='lat' dir='ltr'><strong>nomine</strong></span> <span class='ocrx_word' id='word_1_199' title='bbox 1174 2316 1393 2356; x_wconf 90' lang='lat' dir='ltr'><strong>nocturno</strong></span> <span class='ocrx_word' id='word_1_200' title='bbox 1439 2325 1572 2356; x_wconf 89' lang='lat' dir='ltr'><strong>curru</strong></span> <span class='ocrx_word' id='word_1_201' title='bbox 1617 2325 1700 2373; x_wconf 91' lang='lat' dir='ltr'><strong>per</strong></span> <span class='ocrx_word' id='word_1_202' title='bbox 1745 2311 1918 2358; x_wconf 89' lang='lat' dir='ltr'><strong>coelum</strong></span> <span class='ocrx_word' id='word_1_203' title='bbox 1960 2310 2138 2359; x_wconf 85' lang='lat' dir='ltr'><strong>vehitur</strong></span> <span class='ocrx_word' id='word_1_204' title='bbox 2184 2318 2228 2358; x_wconf 91' lang='lat' dir='ltr'><strong>et</strong></span> <span class='ocrx_word' id='word_1_205' title='bbox 2269 2307 2544 2372; x_wconf 87' lang='lat' dir='ltr'><strong>parientibus</strong></span> 
     </span>
    </p>
   </div>
   <div class='ocr_carea' id='block_1_3' title="bbox 529 2409 2547 2475">
    <p class='ocr_par' dir='ltr' id='par_1_4' title="bbox 529 2409 2547 2475">
     <span class='ocr_line' id='line_1_22' title="bbox 529 2409 2547 2475; baseline -0.001 -13"><span class='ocrx_word' id='word_1_206' title='bbox 529 2413 767 2471; x_wconf 79' lang='lat' dir='ltr'><strong>succurrit,</strong></span> <span class='ocrx_word' id='word_1_207' title='bbox 803 2426 933 2460; x_wconf 89' lang='lat' dir='ltr'><strong>sacra</strong></span> <span class='ocrx_word' id='word_1_208' title='bbox 959 2410 1052 2458; x_wconf 88' lang='lat' dir='ltr'><strong>fuit.</strong></span> <span class='ocrx_word' id='word_1_209' title='bbox 1105 2410 1199 2458; x_wconf 89' lang='lat' dir='ltr'><strong>Sed</strong></span> <span class='ocrx_word' id='word_1_210' title='bbox 1230 2425 1329 2459; x_wconf 89' lang='lat' dir='ltr'><strong>cum</strong></span> <span class='ocrx_word' id='word_1_211' title='bbox 1356 2411 1619 2459; x_wconf 87' lang='lat' dir='ltr'><strong>Damascius</strong></span> <span class='ocrx_word' id='word_1_212' title='bbox 1634 2409 1702 2471; x_wconf 81' lang='lat'><strong>48)</strong></span> <span class='ocrx_word' id='word_1_213' title='bbox 1732 2412 1997 2473; x_wconf 89' lang='lat' dir='ltr'><strong>religionem</strong></span> <span class='ocrx_word' id='word_1_214' title='bbox 2023 2413 2367 2475; x_wconf 78' lang='lat' dir='ltr'><strong>Aegyptiorum,</strong></span> <span class='ocrx_word' id='word_1_215' title='bbox 2405 2411 2547 2473; x_wconf 87' lang='lat' dir='ltr'><strong>qualis</strong></span> 
     </span>
    </p>
   </div>
   <div class='ocr_carea' id='block_1_4' title="bbox 616 2631 2546 2924">
    <p class='ocr_par' dir='ltr' id='par_1_5' title="bbox 616 2631 2546 2772">
     <span class='ocr_line' id='line_1_23' title="bbox 616 2631 2546 2695; baseline -0.003 -16"><span class='ocrx_word' id='word_1_216' title='bbox 616 2638 698 2688; x_wconf 85' lang='lat'><strong>46)</strong></span> <span class='ocrx_word' id='word_1_217' title='bbox 730 2637 912 2678; x_wconf 85' lang='lat' dir='ltr'><strong>Philostr.</strong></span> <span class='ocrx_word' id='word_1_218' title='bbox 942 2636 1018 2676; x_wconf 86' lang='lat' dir='ltr'><strong>Vit.</strong></span> <span class='ocrx_word' id='word_1_219' title='bbox 1047 2636 1234 2689; x_wconf 87' lang='lat' dir='ltr'><strong>Apollon.</strong></span> <span class='ocrx_word' id='word_1_220' title='bbox 1264 2636 1308 2686; x_wconf 86' lang='lat' dir='ltr'><strong>ll,</strong></span> <span class='ocrx_word' id='word_1_221' title='bbox 1341 2636 1375 2677; x_wconf 87' lang='lat'><strong>1.</strong></span> <span class='ocrx_word' id='word_1_222' title='bbox 1409 2631 1645 2693; x_wconf 76' lang='grc' dir='ltr'>ξυμβολικὸν</span> <span class='ocrx_word' id='word_1_223' title='bbox 1672 2637 1834 2695; x_wconf 77' lang='grc' dir='ltr'>τρόπον,</span> <span class='ocrx_word' id='word_1_224' title='bbox 1867 2634 1899 2689; x_wconf 79' lang='grc' dir='ltr'>ᾧ</span> <span class='ocrx_word' id='word_1_225' title='bbox 1928 2636 2113 2695; x_wconf 70' lang='grc' dir='ltr'><strong>βάρβαροι</strong></span> <span class='ocrx_word' id='word_1_226' title='bbox 2141 2635 2286 2683; x_wconf 80' lang='grc' dir='ltr'><strong>πάντες</strong></span> <span class='ocrx_word' id='word_1_227' title='bbox 2313 2639 2351 2682; x_wconf 82' lang='grc' dir='ltr'><strong>ἐς</strong></span> <span class='ocrx_word' id='word_1_228' title='bbox 2377 2635 2430 2675; x_wconf 70' lang='grc' dir='ltr'><strong>ταὶ</strong></span> <span class='ocrx_word' id='word_1_229' title='bbox 2464 2633 2546 2692; x_wconf 78' lang='grc' dir='ltr'>ἱεροὶ</span> 
     </span>
     <span class='ocr_line' id='line_1_24' title="bbox 733 2719 916 2772; baseline -0.005 -17"><span class='ocrx_word' id='word_1_230' title='bbox 733 2719 916 2772; x_wconf 73' lang='grc' dir='ltr'>χρῶνται.</span> 
     </span>
    </p>

    <p class='ocr_par' dir='ltr' id='par_1_6' title="bbox 618 2782 2546 2924">
     <span class='ocr_line' id='line_1_25' title="bbox 618 2782 2546 2847; baseline -0.004 -14"><span class='ocrx_word' id='word_1_231' title='bbox 618 2790 701 2840; x_wconf 82' lang='grc'><strong>47)</strong></span> <span class='ocrx_word' id='word_1_232' title='bbox 734 2789 868 2844; x_wconf 83' lang='lat' dir='ltr'><strong>steph.</strong></span> <span class='ocrx_word' id='word_1_233' title='bbox 889 2788 1003 2843; x_wconf 85' lang='lat' dir='ltr'><strong>Byz.:</strong></span> <span class='ocrx_word' id='word_1_234' title='bbox 1027 2787 1255 2843; x_wconf 77' lang='grc' dir='ltr'>Βούβαστὸς</span> <span class='ocrx_word' id='word_1_235' title='bbox 1276 2803 1321 2830; x_wconf 83' lang='grc' dir='ltr'><strong>τε</strong></span> <span class='ocrx_word' id='word_1_236' title='bbox 1341 2789 1451 2837; x_wconf 75' lang='grc' dir='ltr'>πόλις</span> <span class='ocrx_word' id='word_1_237' title='bbox 1472 2790 1539 2830; x_wconf 77' lang='grc' dir='ltr'><strong>καὶ</strong></span> <span class='ocrx_word' id='word_1_238' title='bbox 1562 2789 1659 2847; x_wconf 75' lang='grc' dir='ltr'>ἱερὸν</span> <span class='ocrx_word' id='word_1_239' title='bbox 1688 2782 1926 2847; x_wconf 76' lang='grc' dir='ltr'>Ἀρτέμιδος.</span> <span class='ocrx_word' id='word_1_240' title='bbox 1946 2814 2001 2819; x_wconf 83' lang='grc'>-</span> <span class='ocrx_word' id='word_1_241' title='bbox 2017 2816 2068 2820; x_wconf 90' lang='grc'><strong>-</strong></span> <span class='ocrx_word' id='word_1_242' title='bbox 2095 2794 2130 2831; x_wconf 82' lang='grc' dir='ltr'><strong>οἱ</strong></span> <span class='ocrx_word' id='word_1_243' title='bbox 2152 2783 2196 2831; x_wconf 74' lang='grc' dir='ltr'><strong>δὲ</strong></span> <span class='ocrx_word' id='word_1_244' title='bbox 2219 2788 2424 2847; x_wconf 76' lang='grc' dir='ltr'>Αἰγύπτιοι</span> <span class='ocrx_word' id='word_1_245' title='bbox 2446 2785 2546 2827; x_wconf 74' lang='grc' dir='ltr'>Βού-</span> 
     </span>
     <span class='ocr_line' id='line_1_26' title="bbox 737 2866 1305 2924; baseline -0.004 -15"><span class='ocrx_word' id='word_1_246' title='bbox 737 2869 884 2923; x_wconf 78' lang='grc' dir='ltr'>βαστον</span> <span class='ocrx_word' id='word_1_247' title='bbox 906 2867 976 2909; x_wconf 78' lang='grc' dir='ltr'><strong>τὸν</strong></span> <span class='ocrx_word' id='word_1_248' title='bbox 999 2866 1178 2924; x_wconf 57' lang='grc' dir='ltr'>αἰλουρὸὑ</span> <span class='ocrx_word' id='word_1_249' title='bbox 1201 2881 1305 2924; x_wconf 78' lang='grc' dir='ltr'><strong>φασι.</strong></span> 
     </span>
    </p>
   </div>
   <div class='ocr_carea' id='block_1_5' title="bbox 619 2941 2548 3062">
    <p class='ocr_par' dir='ltr' id='par_1_7' title="bbox 619 2941 2548 3062">
     <span class='ocr_line' id='line_1_27' title="bbox 619 2941 2548 2999; baseline -0.003 -13"><span class='ocrx_word' id='word_1_250' title='bbox 619 2945 702 2994; x_wconf 83' lang='grc'><strong>48)</strong></span> <span class='ocrx_word' id='word_1_251' title='bbox 733 2945 936 2986; x_wconf 83' lang='lat' dir='ltr'><strong>Damascii</strong></span> <span class='ocrx_word' id='word_1_252' title='bbox 965 2944 1194 2999; x_wconf 89' lang='lat' dir='ltr'><strong>philosophi</strong></span> <span class='ocrx_word' id='word_1_253' title='bbox 1222 2943 1413 2985; x_wconf 86' lang='lat' dir='ltr'><strong>Platonici</strong></span> <span class='ocrx_word' id='word_1_254' title='bbox 1443 2944 1703 2997; x_wconf 89' lang='lat' dir='ltr'><strong>quaestiones</strong></span> <span class='ocrx_word' id='word_1_255' title='bbox 1732 2943 1950 2998; x_wconf 86' lang='lat' dir='ltr'><strong>deprimis</strong></span> <span class='ocrx_word' id='word_1_256' title='bbox 1979 2945 2187 2999; x_wconf 88' lang='lat' dir='ltr'><strong>principiis</strong></span> <span class='ocrx_word' id='word_1_257' title='bbox 2214 2943 2278 2984; x_wconf 88' lang='lat' dir='ltr'><strong>ed.</strong></span> <span class='ocrx_word' id='word_1_258' title='bbox 2307 2942 2394 2983; x_wconf 89' lang='lat' dir='ltr'><strong>Jos.</strong></span> <span class='ocrx_word' id='word_1_259' title='bbox 2426 2941 2548 2982; x_wconf 64' lang='lat' dir='ltr'><strong>Korn.</strong></span> 
     </span>
     <span class='ocr_line' id='line_1_28' title="bbox 741 3019 866 3062; baseline -0.008 0"><span class='ocrx_word' id='word_1_260' title='bbox 741 3019 866 3062; x_wconf 80' lang='lat'><strong>1826.</strong></span> 
     </span>
    </p>
   </div>
  </div>
 </body>
</html>
