2925 3533
1362 266 1689 315 -13-

892 398 964 440 Est
983 400 1049 440 ubi
1071 399 1161 452 plus
1183 406 1346 453 tepeant
1367 400 1543 453 hiemes,
1565 403 1633 444 ubi
1654 402 1806 456 gratior
1828 412 1926 442 aura

893 472 1034 514 Leniat
1054 479 1095 514 et
1117 475 1270 515 rabiem
1296 476 1424 516 Canio
1446 481 1486 516 et
1507 481 1708 518 momenta
1732 476 1897 524 Leonis,

896 547 996 590 Cum
1018 550 1145 589 semel
1166 552 1326 603 accepit
1346 551 1474 592 solem
1497 551 1737 593 furibundus
1760 549 1949 601 acutum?

685 662 780 710 Sed
812 676 873 709 ne
906 662 1008 709 huic
1042 665 1147 710 viae
1180 665 1435 713 insistamus
1471 675 1623 714 monet
1656 681 1867 714 numerus
1897 665 2082 728 pluralis
2116 677 2301 722 canum,
2346 665 2393 710 in
2426 665 2545 711 turi-

519 762 626 810 bulo
661 768 816 810 nostro
856 761 1131 822 effictorum,
1180 778 1322 825 quare
1365 766 1581 815 malumus
1617 767 1820 828 cogitare
1867 763 1924 811 de
1958 761 2142 811 canibus
2184 763 2327 811 sacris
2362 763 2545 825 templo,

520 864 647 923 cujus
694 862 794 909 usui
841 860 1078 909 turibulum
1120 870 1320 911 nostrum
1363 866 1596 924 inserviit,
1644 866 1879 928 adscriptis
1904 863 1997 921 ⁵⁰);
2043 861 2127 910 sed
2171 861 2256 909 hac
2299 863 2398 924 ipsa
2441 861 2547 909 Sirii

519 964 694 1010 ratione
727 960 876 1008 habita
908 976 1046 1011 canes
1080 964 1198 1010 inter
1230 978 1362 1012 sacra
1396 965 1730 1029 Aegyptiorum
1773 963 1977 1011 animalia
2019 962 2188 1010 relatos
2230 976 2337 1010 esse
2370 960 2546 1024 proba-

521 1061 612 1108 bile
647 1061 827 1108 videtur
861 1060 942 1119 ⁵¹).

690 1160 741 1207 In
775 1161 919 1207 latere
950 1174 1117 1207 averso
1155 1160 1312 1207 florum
1347 1169 1634 1221 ornamenta,
1678 1161 1911 1210 Maeandri
1944 1160 2167 1207 flexiones
2202 1160 2413 1207 imitantia
2449 1158 2549 1205 licta

524 1267 640 1308 sunt.
709 1258 758 1306 ln
780 1266 909 1321 parte
943 1260 1169 1306 anteriore
1199 1268 1330 1322 caput
1361 1261 1578 1308 muliebre
1604 1263 1889 1323 conspicitur,
1926 1259 2045 1321 quod
2076 1261 2177 1320 quia
2202 1261 2379 1306 nonnisi
2405 1273 2549 1305 orna-

525 1361 661 1406 menti
689 1360 837 1406 locum
861 1358 1011 1417 habet,
1034 1361 1226 1408 austeris
1256 1359 1414 1422 quibus
1439 1374 1570 1408 sacra
1591 1361 1885 1424 Assyriorum
1915 1373 1990 1408 ars
2015 1359 2340 1418 continebatur,
2373 1355 2552 1420 legibus

527 1466 754 1507 exemtum
801 1473 909 1507 esse
960 1458 1139 1506 videtur
1184 1466 1229 1507 et
1275 1459 1331 1506 ad
1373 1459 1580 1508 Graecae
1632 1461 1739 1509 artis
1794 1460 2062 1522 elegantiam
2113 1460 2321 1522 proxime
2368 1456 2554 1504 accedit.

526 1557 688 1619 Neque
721 1563 875 1605 notatu
911 1557 1141 1619 indignum
1175 1557 1379 1617 videtur,
1423 1560 1467 1606 in
1502 1559 1716 1607 Romanis
1762 1559 1933 1606 acerris
1975 1557 2053 1605 vel
2088 1558 2133 1605 in
2167 1557 2311 1606 latere
2353 1555 2551 1604 adverso

524 1657 603 1706 vel
646 1659 690 1704 in
739 1656 827 1705 hoc
878 1659 978 1720 ipso
1027 1657 1130 1705 loco
1174 1657 1395 1706 Medusae
1450 1667 1584 1722 caput
1626 1660 1817 1722 positum
1863 1673 1995 1717 esse,
2049 1658 2169 1720 quod
2214 1673 2302 1706 nec
2345 1657 2554 1706 falsarius

527 1758 846 1820 Moguntiacus
880 1757 1075 1806 festivae
1109 1771 1221 1804 suae
1255 1760 1394 1805 merci
1438 1759 1629 1820 affigere
1669 1759 1887 1820 neglexit.
1954 1757 2031 1805 Ex
2063 1757 2147 1804 hac
2191 1756 2472 1809 similitudine
2517 1756 2557 1803 si

524 1856 829 1917 Graecarum,
876 1871 991 1919 quos
1031 1857 1224 1906 Romani
1264 1859 1415 1907 imitati
1458 1865 1585 1920 sunt,
1637 1856 1828 1907 turibula
1871 1857 1928 1906 ad
1969 1858 2266 1922 Assyriorum
2305 1865 2351 1906 et
2393 1854 2554 1919 Baby-

522 1959 745 2007 loniorum
779 1958 1037 2021 exemplum
1070 1957 1188 2005 facta
1221 1958 1363 2008 fuisse
1396 1959 1729 2018 concludimus,
1775 1961 1855 2006 vix
1889 1965 1959 2008 est
2004 1958 2123 2020 quod
2156 1959 2416 2007 temeritatis
2451 1957 2555 2005 cul-

525 2073 629 2120 pam
663 2059 918 2116 timeamus3
963 2073 1065 2104 nam
1100 2073 1199 2105 cum
1232 2067 1331 2107 ture
1375 2061 1508 2107 etiam
1552 2059 1742 2107 turibula
1786 2074 1813 2105 a
1844 2059 2168 2119 Phoenicibus,
2210 2059 2285 2122 qui
2327 2071 2555 2104 commer-

527 2159 643 2204 cium
687 2160 805 2205 inter
836 2157 1064 2205 Orientem
1100 2166 1146 2206 et
1180 2160 1469 2207 Occidentem
1502 2161 1831 2219 sustinuerunt,
1879 2159 1937 2206 ad
1974 2158 2177 2207 Graecos
2221 2158 2412 2205 advecta
2447 2171 2554 2204 esse

528 2269 725 2305 necesse
763 2261 846 2304 est.

693 2354 743 2402 In
781 2361 909 2417 parte
951 2356 1206 2417 posteriore
1241 2355 1386 2415 (Tab.
1422 2355 1454 2402 Ι.
1496 2371 1563 2402 nr.
1597 2355 1689 2414 3),
1731 2357 1770 2403 si
1809 2370 1922 2417 opus
1967 2355 2173 2403 detritum
2214 2362 2341 2402 recte
2384 2354 2555 2415 digno-

527 2457 700 2513 vimus,
731 2453 846 2500 rude
883 2461 928 2499 et
960 2454 1230 2501 inconditum
1264 2457 1393 2503 Deae
1426 2455 1574 2501 alatae
1609 2456 1891 2502 simulacrum
1925 2455 2119 2502 effictum
2153 2461 2234 2501 est.

623 2687 703 2737 50)
737 2688 807 2728 Ta.
830 2688 1020 2729 ΡΑΝοιτκΛ
1054 2687 1328 2742 (Archaolog.
1351 2689 1522 2742 Zeitung
1547 2685 1672 2727 1856.
1707 2700 1767 2727 nr.
1790 2687 1859 2728 92.
1889 2700 1928 2740 p.
1951 2686 2061 2736 212)
2095 2700 2228 2741 nuper
2256 2688 2415 2728 Aeliani
2445 2687 2490 2727 Η.
2511 2686 2560 2725 A.

741 2762 807 2812 Xl,
831 2762 900 2802 20.
929 2764 1157 2803 testimonio
1179 2764 1332 2814 docuit,
1364 2762 1595 2812 Adranum,
1618 2762 1853 2802 daemonem
1874 2761 2120 2813 beneficum,
2148 2774 2222 2816 per
2244 2767 2361 2803 totam
2383 2761 2559 2803 Siciliam

738 2838 910 2888 cultum,
941 2837 1049 2877 mille
1081 2850 1204 2878 canes
1233 2840 1270 2877 in
1295 2839 1445 2890 templo
1474 2849 1550 2877 suo
1573 2838 1736 2877 aluisse.
1788 2837 1838 2877 Ut
1860 2837 1911 2877 de
1934 2837 2091 2888 felium,
2121 2839 2173 2878 ita
2197 2839 2315 2879 etiam
2345 2837 2396 2877 de
2418 2848 2560 2876 canum

741 2913 848 2966 apud
873 2913 1069 2965 Assyrios
1093 2914 1202 2953 cultu
1224 2913 1318 2953 nihil
1340 2914 1504 2953 sicmus.
1960 2913 1968 2920 “

622 2990 702 3039 51)
734 2991 779 3032 V.
802 2990 992 3033 Canuzm
1016 2997 1056 3032 et
1077 2991 1213 3032 Biana
1238 2991 1285 3032 ad
1310 2992 1456 3032 Herod.
1480 2991 1527 3041 ll,
1552 2991 1620 3031 67.
