2925 3533
1324 288 1620 338 -4-

453 433 613 475 ternae
665 425 936 490 descriptam
987 439 1095 473 esse
1137 424 1546 475 Wmcxaumnus
1588 423 1731 473 refert
1757 423 1840 487 ²),
1888 439 1974 474 nos
2024 430 2331 475 transacturos
2380 438 2489 475 esse

455 525 733 591 spondanus.

623 626 675 674 In
711 626 1053 689 possessionem
1094 623 1226 686 hujus
1267 626 1539 674 monumenti
1581 628 1707 674 venit
1748 626 1812 674 F.
1839 626 2057 674 Mutuus
2101 625 2276 674 Romae
2320 633 2487 675 octavo

453 726 556 775 fere
597 726 769 775 saeculi
812 726 955 774 nostri
998 725 1142 773 lustro
1175 740 1262 789 per
1294 731 1618 787 mercatorem,
1665 728 1740 790 qui
1774 741 1888 791 opus
1922 727 1970 774 in
2002 726 2222 791 Aegypto
2256 727 2488 775 inventum

455 835 502 877 et
534 825 816 875 Alexandria
850 825 1040 874 Romam
1075 824 1316 874 advectum
1350 839 1377 872 a
1409 824 1644 889 praefecto
1678 826 1838 876 classis
1872 825 2134 876 Pontificiae
2169 834 2355 877 emerat.
2411 827 2484 876 De

452 929 558 978 loeo
598 934 773 986 autem,
813 927 859 974 in
892 941 981 988 quo
1027 927 1259 975 inventum
1293 927 1372 985 sit,
1410 932 1577 974 tantum
1612 924 1740 975 abest
1773 933 1822 975 ut
1855 928 1967 976 certi
2003 927 2169 989 aliquid
2206 935 2485 992 compertum

452 1028 717 1087 habeamus,
749 1035 797 1074 ut
830 1041 887 1074 ea
922 1027 981 1074 de
1015 1029 1281 1089 quaestione
1306 1026 1397 1073 lata
1424 1029 1713 1087 conjecturae
1742 1033 1895 1091 pateat
1920 1041 2042 1075 area.
2109 1027 2170 1075 Et
2200 1029 2344 1091 primo
2380 1030 2487 1092 qui-

454 1127 558 1175 dem
593 1126 812 1191 adspectu
845 1128 891 1175 in
922 1132 1099 1191 promtu
1133 1133 1203 1174 est
1236 1126 1460 1189 suspicio,
1504 1124 1741 1174 turibulum
1781 1132 1984 1175 nostrum
2026 1140 2089 1174 ex
2121 1126 2236 1176 Asia
2269 1126 2487 1176 Alexan-

453 1226 595 1275 driam
630 1227 810 1276 allatum
845 1241 977 1285 esse;
1023 1226 1099 1274 illa
1134 1227 1251 1273 enim
1286 1232 1460 1285 aetate,
1508 1241 1594 1288 qua
1637 1226 1838 1275 nonnulli
1880 1225 2057 1288 quidem
2100 1227 2282 1288 sagacis
2315 1227 2489 1289 ingenii

453 1328 569 1386 viri,
599 1333 810 1388 quantum
832 1326 945 1374 lucis
969 1326 1027 1372 ad
1053 1325 1361 1373 illustrandam
1393 1328 1578 1386 generis
1602 1326 1781 1374 humani
1815 1327 2042 1375 historiam
2078 1341 2106 1373 e
2130 1327 2354 1387 neglectis
2384 1326 2488 1373 Nini

453 1427 594 1476 ruinis
638 1425 878 1489 aliquando
921 1425 1200 1490 proditurum
1243 1432 1392 1483 esset,
1438 1425 1752 1475 divinaverant
1782 1425 1853 1488 ³),
1895 1439 2029 1475 nemo
2069 1432 2217 1475 autem
2261 1426 2488 1491 Assyriae

457 1528 565 1575 artis
609 1533 942 1575 monumentum
984 1525 1186 1587 viderat,
1240 1526 1331 1574 tale
1373 1541 1488 1591 opus
1529 1542 1556 1575 a
1600 1526 1924 1576 mercatoribus
1969 1541 2100 1576 suum
2140 1527 2303 1590 cuique
2345 1527 2487 1575 merci

453 1626 603 1675 locum
648 1625 907 1674 adtribuere
953 1628 1184 1676 consuetis
1198 1662 1213 1687 ,
1259 1626 1316 1674 ad
1350 1627 1625 1691 Aegyptiam
1665 1629 1744 1676 vel
1776 1626 1974 1676 Indicam
2020 1634 2161 1676 artem
2194 1625 2359 1675 referri
2393 1641 2487 1674 ne-

452 1740 588 1776 cesse
621 1726 716 1774 fuit.
785 1726 916 1783 Quod
947 1729 1022 1790 qui
1057 1734 1257 1776 statuere
1291 1728 1417 1787 velit,
1452 1729 1618 1775 nemini
1652 1727 1929 1788 invidemus3
1969 1727 2101 1777 nobis
2141 1733 2290 1776 autem
2323 1728 2483 1790 Assy-

452 1827 551 1874 riae
580 1827 688 1875 artis
723 1833 1054 1875 monumentum
1080 1829 1126 1875 in
1148 1828 1367 1892 Aegypto
1402 1827 1627 1877 detectum
1657 1827 1762 1876 nihil
1786 1826 2176 1889 habere-videtur,
2212 1826 2333 1890 quod
2357 1842 2486 1875 mer-

456 1927 624 1976 catoris
649 1926 841 1975 Romani
866 1926 1000 1976 fidem
1032 1929 1077 1976 in
1109 1926 1288 1976 dubium
1313 1943 1485 1977 vocare
1517 1944 1602 1978 nos
1630 1936 1782 1993 cogat,
1812 1944 1914 1978 cum
1939 1927 2074 1978 modo
2107 1929 2155 1977 vi
2185 1942 2410 1977 armorum
2440 1934 2487 1976 et

454 2028 796 2091 expugnatione
829 2028 964 2078 modo
1000 2029 1225 2078 connubio
1264 2044 1425 2093 regum
1468 2037 1514 2078 et
1546 2029 1808 2080 foederibus
1840 2036 2035 2079 mutuum
2073 2030 2191 2079 inter
2222 2029 2486 2093 Aegyptum

573 2204 626 2253 2)
657 2204 782 2258 Epist.
804 2204 854 2246 ad
873 2204 916 2246 1..
930 2205 1132 2247 Usterium
1154 2211 1235 2247 tum
1257 2205 1425 2259 Neapoli
1449 2206 1665 2260 degentem
1687 2205 1780 2248 data
1802 2205 1839 2247 d.
1861 2219 1976 2247 xxiv.
1996 2219 2047 2247 m.
2059 2206 2176 2247 Febr.
2190 2217 2225 2247 a.
2239 2203 2485 2247 MDCCLXI.

574 2278 626 2328 3)
658 2281 790 2322 Primo
811 2280 906 2321 loco
928 2280 1192 2322 nominandus
1214 2286 1278 2322 est
1306 2280 1382 2322 On.
1404 2281 1669 2332 Mutunus,
1701 2282 1768 2335 qui
1796 2281 2009 2324 admodum
2034 2282 2199 2336 Juvenis
2227 2281 2278 2323 ad
2298 2281 2389 2322 illas
2410 2293 2486 2322 re-

660 2357 809 2411 giones
830 2355 972 2398 oculos
994 2358 1207 2398 convertit.
1249 2356 1296 2398 V.
1317 2356 1544 2399 Kunstblatt
1568 2355 1692 2399 1820.
1714 2370 1774 2399 nr.
1796 2356 1867 2399 60.
1908 2356 2051 2399 Kleine
2074 2356 2269 2400 deutsche
2283 2355 2486 2399 Schriften

661 2432 707 2474 V.
729 2431 774 2473 11.
797 2445 834 2486 p.
857 2432 955 2475 525.
994 2433 1229 2476 Distinctius
1256 2433 1300 2475 B.
1329 2433 1577 2476 Nmnunmus
1609 2434 1650 2475 in
1678 2434 1778 2476 Mus.
1807 2433 2000 2476 Rhenano
2027 2446 2132 2475 anno
2162 2424 2484 2475 MDCCCXXIX.

662 2508 753 2550 Vol.
774 2508 836 2551 Ill.
871 2509 982 2551 Fasc.
1004 2509 1031 2551 1.
1060 2523 1152 2565 pag.
1179 2509 1250 2551 41.
1280 2510 1572 2563 pronuntiavit:
1603 2509 1748 2552 Ninive
1775 2509 1880 2552 wird
1910 2509 1982 2552 das
2010 2510 2190 2564 Pompeji
2216 2509 2484 2552 Mittelasiens

663 2584 846 2637 werden,
868 2586 962 2627 eine
982 2585 1303 2628 unermessliche
1325 2585 1408 2628 und
1429 2586 1537 2628 noch
1558 2586 1810 2628 unberfihrte
1821 2585 2068 2642 Fundgrube
2091 2586 2158 2628 fur
2178 2597 2331 2628 unsere
2344 2584 2484 2627 Nach-

663 2661 870 2714 kommen,
891 2662 1038 2703 vdenen
1067 2664 1133 2704 ein
1154 2661 1428 2716 Champollion
1456 2662 1523 2704 fur
1549 2662 1614 2704 die
1643 2664 1877 2716 assyrische
1907 2663 2058 2705 Schrift
2078 2663 2190 2705 nicht
2209 2662 2347 2704 fehlen
2368 2661 2483 2703 wird.

663 2738 852 2780 Similiter
871 2738 1040 2791 Movans
1062 2738 1186 2788 (Hist.
1202 2739 1470 2787 Phoenicum)
1491 2752 1525 2780 a.
1547 2737 1826 2780 MDCCCXLI.
1847 2738 1890 2780 T.
1911 2737 1938 2780 1.
1960 2752 1999 2792 p.
2022 2739 2062 2780 6.
2084 2738 2330 2789 „Vielleicht
2350 2737 2484 2779 lassen

663 2814 729 2856 die
750 2815 790 2855 in
814 2813 906 2857 dem
933 2813 1224 2856 Schutthaufen
1256 2813 1328 2855 des
1350 2813 1458 2855 alten
1480 2813 1607 2856 Ninus
1629 2815 1916 2870 vergrabenen
1942 2813 2190 2856 Denkmaler
2218 2814 2298 2855 den
2325 2812 2482 2854 Mittel-

660 2890 792 2943 punkt
813 2891 1110 2933 altasiatischer
1132 2890 1278 2932 Cultur
1299 2890 1546 2942 entdecken,
1578 2903 1660 2932 von
1681 2891 1772 2932 dem
1793 2903 1867 2932 aus
1888 2892 1992 2932 auch
2013 2891 2090 2945 der
2109 2891 2308 2945 religiose
2329 2888 2483 2930 Ideen-

663 2965 843 3007 verkehr
870 2979 923 3008 zu
950 2967 1030 3008 den
1057 2966 1375 3019 Medopersern‚
1406 2965 1585 3019 Lydiern
1612 2966 1695 3007 und
1723 2966 1996 3008 Kleinasiaten
2026 2967 2188 3017 einer-‚
2220 2965 2301 3007 und
2328 2977 2380 3006 zu
2402 2964 2482 3006 den

663 3041 842 3084 Semiten
864 3040 1141 3084 andererseits
1164 3041 1278 3083 seine
1300 3041 1503 3097 Richtung
1523 3041 1683 3083 nahm.“
