2925 3533
623 393 720 444 Sed
764 395 914 444 missis
955 392 1024 443 bis
1058 393 1330 454 litterarum,
1370 407 1481 457 quas
1522 408 1672 458 neque
1713 393 1875 457 legere
1920 408 2071 457 neque
2113 391 2171 442 ab
2204 394 2303 445 aliis
2343 395 2489 447 lectas

456 497 722 545 examinare
756 509 1021 560 possumus,
1054 494 1334 543 documentis
1367 502 1781 556 monumentorum,
1816 509 1947 562 quae-
1966 496 2012 542 in
2046 495 2117 544 bis
2152 490 2489 560 quaestionibus

454 599 616 646 litteris
646 596 944 660 locupletiora
974 610 1081 644 esse
1104 611 1361 656 censemus,
1395 598 1649 644 testimonia
1675 595 1974 644 consulamus.
2041 594 2174 652 Quod
2194 596 2422 647 Lucianus
2441 596 2488 659 ⁷)

457 698 682 760 Assyrios
725 711 855 746 sacra
899 702 945 744 et
979 698 1278 745 caerimonias
1311 694 1367 744 ab
1406 696 1651 760 Aegyptiis
1694 697 1933 759 accepisse
1967 694 2100 755 dicit,
2147 695 2193 742 id
2225 711 2393 760 magna
2427 712 2490 747 ex

459 804 591 861 parte
624 798 920 843 monumentis
959 811 1124 844 recens
1156 796 1347 844 detectis
1381 796 1694 854 confirmatur,
1737 798 1783 842 in
1823 794 1983 858 quibus
2017 794 2118 842 fere
2151 798 2326 856 omnia,
2373 812 2491 860 quae

460 910 622 944 sacrae
654 896 988 958 Aegyptiorum
1022 898 1106 944 arti
1139 898 1334 944 maxime
1365 898 1549 960 propria
1583 903 1711 956 sunt,
1745 896 2034 943 inveniuntur
2051 892 2125 955 8),
2166 909 2281 944 crux
2315 903 2489 960 ansata,

461 1010 591 1060 quam
618 995 691 1043 Dii
722 1010 955 1059 regesque
981 995 1186 1046 manibus
1213 1004 1372 1046 tenere
1398 997 1563 1057 solent,
1595 996 1842 1060 Sphinges,
1875 995 2111 1045 scarabaei
2132 997 2329 1060 Assyria
2358 1000 2490 1061 signa

460 1102 694 1161 gerentes,
728 1096 807 1144 loti
840 1095 995 1157 flores,
1030 1111 1145 1146 vasa
1169 1097 1445 1162 Aegyptiam
1479 1097 1666 1146 formam
1700 1096 1963 1159 referentia,
1999 1096 2193 1160 denique
2222 1095 2411 1147 obelisci
2430 1097 2490 1159 ⁹).

626 1196 798 1246 Contra
834 1212 949 1246 vero
984 1199 1117 1247 etiam
1150 1200 1197 1245 in
1229 1198 1447 1262 Aegypto
1480 1213 1570 1246 non
1608 1213 1754 1262 pauca
1788 1198 1845 1246 ad
1879 1199 2175 1261 Assyriorum
2209 1212 2341 1247 sacra
2375 1214 2491 1263 per-

460 1301 645 1346 tinentia
679 1305 964 1346 monumenta
998 1300 1300 1345 inveniuntur.
1368 1297 1535 1345 Variae
1568 1299 1750 1347 fuerunt
1783 1299 1901 1362 apud
1934 1300 2139 1361 antiquos
2168 1299 2362 1362 populos
2397 1314 2491 1347 ex-

461 1406 661 1448 terorum
707 1398 895 1447 deorum
938 1398 1104 1447 cultum
1147 1397 1390 1446 invehendi
1438 1412 1655 1459 caussae;
1708 1398 1842 1447 modo
1885 1399 2087 1448 victores
2132 1407 2493 1462 expugnatarum

460 1498 636 1548 urbium
681 1497 764 1547 diis
800 1499 1003 1547 evocatis
1043 1513 1165 1546 nova
1208 1498 1373 1561 templa
1415 1498 1655 1559 foverunt,
1701 1498 1835 1545 modo
1876 1501 1915 1546 si
1957 1500 2087 1560 patrii
2121 1499 2193 1544 Dii
2233 1500 2491 1559 ingentibus

466 1597 787 1648 calamitatibus
818 1597 1063 1647 remedium
1098 1597 1261 1646 afferre
1294 1614 1384 1646 non
1418 1606 1675 1661 potuerunt,
1706 1599 1763 1646 ad
1798 1599 1971 1647 alienos
2005 1599 2321 1661 confugerunt,
2355 1599 2492 1647 modo

462 1700 582 1747 filiae
609 1715 796 1761 regum,
840 1715 941 1744 cum
975 1701 1146 1746 exteris
1181 1699 1455 1763 principibus
1490 1700 1769 1746 matrimonio
1797 1701 1983 1761 junctae
2016 1701 2260 1766 patriorum
2292 1699 2495 1750 Deorum

463 1802 628 1849 cultum
657 1802 703 1848 in
732 1813 899 1849 novam
926 1800 1115 1864 patriam
1143 1799 1478 1850 transtulerunt.
1545 1798 1700 1862 Itaque
1727 1812 1818 1848 non
1847 1800 2004 1848 mirum
2025 1805 2112 1860 est,
2148 1800 2186 1849 si
2211 1816 2296 1862 pro
2322 1806 2493 1859 mutuo,

467 1899 588 1965 quod
622 1914 758 1964 supra
795 1899 1116 1964 exposuimus,
1160 1898 1364 1964 Aegypti
1398 1898 1712 1962 Assyriaeque
1747 1900 2017 1948 commercio
2050 1901 2296 1963 praecipue
2332 1900 2495 1963 Mylit-

465 2010 554 2051 tam
591 2003 692 2050 sive
725 2001 953 2049 Venerem
1002 2002 1240 2063 Assyriam
1272 1999 1365 2061 10),
1412 2016 1438 2046 a
1473 2001 1731 2049 mulieribus
1774 2003 2018 2065 praecipua
2053 2001 2279 2063 religione
2313 2000 2494 2062 cultam,

463 2107 581 2152 inter
620 2104 880 2167 Aegyptios
923 2103 1050 2149 Deos
1094 2103 1406 2165 conspicimus.
1482 2101 1727 2164 Imaginem
1770 2103 1895 2164 ejus,
1940 2116 2076 2166 supra
2117 2100 2254 2150 leone
2298 2099 2495 2151 adversa

586 2263 636 2312 7)
668 2263 728 2303 De
758 2263 834 2303 dea
862 2263 952 2316 Syr.
991 2274 1024 2302 c.
1055 2262 1093 2302 2.
1146 2267 1288 2319 πρῶτα
1318 2260 1388 2318 μὲν
1420 2257 1474 2302 ὧν
1512 2259 1747 2318 ἀνθρώπων,
1779 2266 1861 2302 τῶν
1889 2263 2000 2317 ἡμεῖς
2029 2253 2161 2318 ἴδμεν,
2193 2259 2403 2319 Αἰγύπτιοι
2429 2257 2496 2301 λέ-

676 2352 817 2395 γονται
838 2335 938 2377 θεῶν
960 2351 1006 2377 τε
1029 2337 1179 2382 ἐννοίην
1207 2338 1343 2390 λαβεῖν
1364 2338 1433 2377 καὶ
1456 2336 1517 2392 ἱρά
1539 2334 1716 2377 εἵσασθαι
1735 2337 1803 2377 καὶ
1823 2335 2005 2392 τεμένεα,
2037 2336 2105 2377 καὶ
2124 2335 2367 2394 πανηγύριας
2397 2336 2497 2375 ἀπο-

678 2406 807 2460 δέξαι·
836 2417 986 2468 πρῶτοι
1008 2405 1052 2452 δὲ
1080 2412 1148 2452 καὶ
1170 2411 1373 2469 οὐνόματα
1396 2411 1458 2468 ἱροὶ
1480 2410 1657 2468 ἔγνωσαν
1679 2411 1747 2451 καὶ
1773 2410 1915 2469 λόγους
1945 2411 2044 2469 ἱροὺς
2075 2405 2228 2459 ἔλεξαν.
2257 2410 2362 2467 μετὰ
2383 2403 2428 2451 δὲ
2450 2410 2495 2450 οὐ

678 2490 892 2540 πολλοστῷ
920 2487 1046 2543 χρόνῳ
1079 2484 1177 2544 παρ’
1209 2485 1484 2545 Αἰγυπτίων
1510 2486 1630 2545 λόγον
1665 2483 1903 2544 Ἀσσύριοι
1931 2489 1970 2535 ἐς
1998 2485 2108 2535 θεοὺς
2135 2486 2309 2534 ἤκουσαν
2338 2485 2406 2527 καὶ
2436 2483 2498 2541 ἱροὶ

677 2566 745 2603 καὶ
766 2563 881 2608 νηοὺς
901 2563 1076 2619 ἤγειραν,
1108 2565 1149 2602 ἐν
1169 2569 1272 2601 τοῖσι
1292 2563 1359 2601 καὶ
1380 2560 1601 2620 ἀγάλματα
1623 2560 1758 2601 ἔθεντο
1778 2563 1846 2601 καὶ
1866 2557 1991 2611 ξόανα
2012 2561 2245 2609 ἐστήσαντο.

590 2637 642 2685 8)
674 2639 842 2678 LAvAnn
875 2638 965 2677 Nin.
997 2639 1075 2677 and
1108 2641 1158 2677 its
1190 2641 1366 2677 remains
1396 2639 1441 2677 V.
1473 2638 1517 2676 11.
1550 2650 1587 2691 p.
1621 2637 1718 2677 213.
1750 2637 1848 2677 214.
1900 2638 1946 2679 R.
1976 2638 2187 2679 RoanTTE
2217 2648 2287 2678 sur
2314 2636 2353 2676 la
2381 2636 2497 2676 croix

680 2715 804 2754 ansee
830 2712 954 2754 1846.

591 2789 642 2839 9)
675 2789 786 2830 Unus
813 2791 852 2829 in
882 2790 986 2830 colle
1016 2789 1186 2830 Nimrud
1216 2802 1238 2829 a
1266 2789 1463 2829 LAYARDO
1495 2788 1678 2829 detectus
1708 2793 1769 2837 (v.
1790 2788 1879 2829 Nin.
1909 2788 1985 2829 and
2014 2789 2063 2829 its
2090 2800 2188 2829 rem.
2216 2788 2244 2828 1.
2271 2800 2309 2841 p.
2332 2785 2429 2827 346.
2452 2785 2497 2826 11.

680 2877 718 2919 p.
740 2863 866 2917 214),
899 2865 1001 2907 alter
1022 2865 1156 2920 priore
1179 2865 1304 2918 major
1328 2878 1349 2906 a
1376 2865 1651 2907 RAwuNsoNo
1680 2880 1720 2907 v.
1748 2865 1857 2920 Allg.
1880 2865 2052 2920 Zeitung
2083 2863 2216 2917 1853,
2248 2876 2286 2918 p.
2310 2861 2439 2903 3659.
2459 2862 2499 2902 b.

686 2939 811 2982 1854.
831 2954 882 2982 m.
903 2941 1024 2995 Majo.

566 3016 644 3065 10)
677 3017 827 3058 Herod.
848 3016 875 3057 1.
901 3016 995 3057 131.
